Date,Description,Debit (INR),Credit (INR),Balance
2025-06-01,Medical Expense,1214.72,,48785.28
2025-04-18,Electricity Bill,3419.74,,45365.54
2025-04-05,SIP Investment,5141.99,,40223.55
2025-02-24,Electricity Bill,7825.82,,32397.73
2025-03-01,Flight Booking,11942.92,,20454.81
2025-02-19,UPI to Zomato,10832.85,,9621.96
2025-03-13,Electricity Bill,14690.07,,-5068.11
2025-03-14,UPI to Zomato,10079.56,,-15147.67
2025-06-06,Credit Card Payment,8637.84,,-23785.51
2025-05-30,SIP Investment,6002.83,,-29788.34
2025-06-15,Electricity Bill,985.48,,-30773.82
2025-06-04,Credit Card Payment,2109.16,,-32882.98
2025-01-30,Amazon Purchase,11714.9,,-44597.88
2025-01-25,Salary Credited,,12597.97,-31999.91
2025-06-03,UPI to Zomato,7982.46,,-39982.37
2025-02-23,Salary Credited,,18837.26,-21145.11
2025-03-04,Credit Card Payment,11890.91,,-33036.02
2025-01-02,Amazon Purchase,14365.43,,-47401.45
2025-04-05,Insurance Premium,15935.55,,-63337.0
2025-01-09,Credit Card Payment,16066.69,,-79403.69
2025-03-11,Insurance Premium,1914.9,,-81318.59
2025-02-18,Flight Booking,11266.08,,-92584.67
2025-04-29,Salary Credited,,7779.44,-84805.23
2025-05-12,Electricity Bill,7086.61,,-91891.84
2025-04-06,Salary Credited,,17670.4,-74221.44
2025-02-02,Fuel,6477.56,,-80699.0
2025-05-24,Insurance Premium,4301.5,,-85000.5
2025-02-05,Flight Booking,19760.34,,-104760.84
2025-04-25,SIP Investment,11073.3,,-115834.14
2025-03-17,Insurance Premium,12672.4,,-128506.54
2025-04-01,UPI to Zomato,14509.91,,-143016.45
2025-06-05,Flight Booking,11958.93,,-154975.38
2025-02-17,Electricity Bill,12239.67,,-167215.05
2025-02-09,UPI to Zomato,15171.7,,-182386.75
2025-03-28,UPI to Zomato,13866.12,,-196252.87
2025-02-01,Flight Booking,5548.67,,-201801.54
2025-01-31,Salary Credited,,1345.71,-200455.83
2025-06-12,Fuel,6562.29,,-207018.12
2025-05-20,SIP Investment,14709.6,,-221727.72
2025-06-05,Fuel,15821.11,,-237548.83
2025-02-10,Flight Booking,18197.38,,-255746.21
2025-05-16,Fuel,16416.86,,-272163.07
2025-05-18,Insurance Premium,12243.55,,-284406.62
2025-04-15,Insurance Premium,6656.29,,-291062.91
2025-05-22,Amazon Purchase,2766.49,,-293829.4
2025-03-22,Fuel,4214.17,,-298043.57
2025-06-08,UPI to Zomato,6764.58,,-304808.15
2025-05-17,Medical Expense,2617.73,,-307425.88
2025-02-14,Insurance Premium,13058.15,,-320484.03
2025-04-17,UPI to Zomato,9236.45,,-329720.48
2025-03-24,Medical Expense,15069.61,,-344790.09
2025-01-05,UPI to Zomato,9028.51,,-353818.6
2025-01-10,Credit Card Payment,10252.69,,-364071.29
2025-02-02,Credit Card Payment,13742.7,,-377813.99
2025-01-02,UPI to Zomato,13916.21,,-391730.2
2025-01-21,UPI to Zomato,18711.54,,-410441.74
2025-03-14,SIP Investment,3729.66,,-414171.4
2025-02-27,SIP Investment,1740.12,,-415911.52
2025-03-16,Credit Card Payment,6801.85,,-422713.37
2025-04-25,Fuel,7026.67,,-429740.04
2025-02-08,Credit Card Payment,17596.71,,-447336.75
2025-03-16,Flight Booking,15041.43,,-462378.18
2025-05-24,Flight Booking,14727.67,,-477105.85
2025-03-07,Credit Card Payment,7371.46,,-484477.31
2025-05-11,Salary Credited,,9095.29,-475382.02
2025-04-04,Electricity Bill,16732.82,,-492114.84
2025-04-02,Flight Booking,10454.98,,-502569.82
2025-03-19,Flight Booking,7868.47,,-510438.29
2025-02-06,Fuel,1058.9,,-511497.19
2025-01-11,SIP Investment,14585.02,,-526082.21
2025-01-08,Insurance Premium,17246.57,,-543328.78
2025-01-02,Flight Booking,18122.1,,-561450.88
2025-03-26,Electricity Bill,6782.72,,-568233.6
2025-03-08,Credit Card Payment,19735.07,,-587968.67
2025-03-24,Salary Credited,,5659.8,-582308.87
2025-05-03,Fuel,9658.11,,-591966.98
2025-02-01,Salary Credited,,9527.64,-582439.34
2025-02-13,Fuel,7036.42,,-589475.76
2025-03-03,UPI to Zomato,16016.72,,-605492.48
2025-04-30,UPI to Zomato,5805.72,,-611298.2
2025-06-21,UPI to Zomato,13132.67,,-624430.87
2025-03-18,Flight Booking,2861.99,,-627292.86
2025-01-27,Medical Expense,4517.82,,-631810.68
2025-01-29,Electricity Bill,2609.1,,-634419.78
2025-04-16,Medical Expense,1562.16,,-635981.94
2025-06-11,Flight Booking,4292.58,,-640274.52
2025-04-01,Electricity Bill,19759.2,,-660033.72
2025-05-26,Salary Credited,,16304.97,-643728.75
2025-01-24,Flight Booking,6511.12,,-650239.87
2025-04-30,Amazon Purchase,7049.05,,-657288.92
2025-05-09,Insurance Premium,1579.95,,-658868.87
2025-04-16,Amazon Purchase,18764.22,,-677633.09
2025-06-15,Flight Booking,18101.94,,-695735.03
2025-02-27,Fuel,17126.24,,-712861.27
2025-03-09,Electricity Bill,13044.14,,-725905.41
2025-01-03,SIP Investment,11892.37,,-737797.78
2025-04-18,Insurance Premium,1232.44,,-739030.22
2025-02-15,SIP Investment,13457.95,,-752488.17
2025-02-14,Insurance Premium,1795.74,,-754283.91
2025-02-14,Insurance Premium,8588.66,,-762872.57
2025-05-26,Flight Booking,6293.26,,-769165.83
2025-01-19,Medical Expense,18880.08,,-788045.91
2025-06-18,Credit Card Payment,10158.68,,-798204.59
2025-01-03,Fuel,16776.19,,-814980.78
2025-04-01,Salary Credited,,12925.31,-802055.47
2025-06-02,Credit Card Payment,6427.12,,-808482.59
2025-03-02,Fuel,6455.19,,-814937.78
2025-03-09,Insurance Premium,9090.62,,-824028.4
2025-06-22,Fuel,18080.53,,-842108.93
2025-05-03,SIP Investment,3899.04,,-846007.97
2025-06-13,Salary Credited,,15339.71,-830668.26
2025-03-27,Amazon Purchase,15432.94,,-846101.2
2025-01-05,SIP Investment,9527.22,,-855628.42
2025-02-21,Insurance Premium,13497.67,,-869126.09
2025-02-01,Medical Expense,3552.06,,-872678.15
2025-05-30,Electricity Bill,9548.45,,-882226.6
2025-03-25,Salary Credited,,2582.07,-879644.53
2025-05-08,Flight Booking,7128.65,,-886773.18
2025-02-16,Amazon Purchase,14669.8,,-901442.98
2025-05-31,Amazon Purchase,12753.72,,-914196.7
2025-01-02,Credit Card Payment,11023.09,,-925219.79
2025-05-13,Electricity Bill,14782.57,,-940002.36
2025-03-30,Amazon Purchase,13940.84,,-953943.2
2025-05-11,UPI to Zomato,19260.9,,-973204.1
2025-03-09,Flight Booking,18938.06,,-992142.16
2025-05-12,Salary Credited,,757.48,-991384.68
2025-02-28,Fuel,16566.05,,-1007950.73
2025-01-22,Electricity Bill,15384.5,,-1023335.23
2025-03-27,Electricity Bill,11469.3,,-1034804.53
2025-04-17,UPI to Zomato,12668.6,,-1047473.13
2025-02-08,Insurance Premium,7255.37,,-1054728.5
2025-06-20,Amazon Purchase,11010.39,,-1065738.89
2025-01-21,UPI to Zomato,7349.09,,-1073087.98
2025-06-17,Insurance Premium,16176.45,,-1089264.43
2025-06-03,Medical Expense,12894.77,,-1102159.2
2025-02-22,Amazon Purchase,2039.68,,-1104198.88
2025-03-17,Electricity Bill,2541.81,,-1106740.69
2025-03-23,Flight Booking,10853.11,,-1117593.8
2025-02-21,SIP Investment,17699.0,,-1135292.8
2025-03-09,Medical Expense,14214.58,,-1149507.38
2025-03-26,Electricity Bill,9344.33,,-1158851.71
2025-06-14,Amazon Purchase,11622.4,,-1170474.11
2025-05-04,Fuel,18632.45,,-1189106.56
2025-02-11,SIP Investment,16562.71,,-1205669.27
2025-03-08,Insurance Premium,14329.26,,-1219998.53
2025-05-25,Electricity Bill,18770.69,,-1238769.22
2025-01-16,Salary Credited,,4722.98,-1234046.24
2025-01-24,Insurance Premium,13478.86,,-1247525.1
2025-01-19,Medical Expense,12825.32,,-1260350.42
2025-05-17,Credit Card Payment,17708.2,,-1278058.62
2025-01-09,Electricity Bill,6037.12,,-1284095.74
2025-01-01,Credit Card Payment,10154.44,,-1294250.18
2025-03-03,Electricity Bill,17330.53,,-1311580.71
2025-03-06,SIP Investment,19584.49,,-1331165.2
2025-06-14,Fuel,8323.78,,-1339488.98
2025-03-22,Credit Card Payment,12082.45,,-1351571.43
2025-04-04,Fuel,1640.25,,-1353211.68
2025-05-30,Insurance Premium,2877.28,,-1356088.96
2025-03-20,Medical Expense,926.61,,-1357015.57
2025-02-05,SIP Investment,11959.42,,-1368974.99
2025-05-14,SIP Investment,5512.11,,-1374487.1
2025-03-13,Insurance Premium,12100.8,,-1386587.9
2025-02-25,Credit Card Payment,18932.05,,-1405519.95
2025-06-10,Flight Booking,1601.33,,-1407121.28
2025-04-18,Amazon Purchase,1840.06,,-1408961.34
2025-03-03,Medical Expense,1912.24,,-1410873.58
2025-03-05,Electricity Bill,6354.08,,-1417227.66
2025-04-12,SIP Investment,889.36,,-1418117.02
2025-03-21,Amazon Purchase,16672.43,,-1434789.45
2025-04-03,Fuel,2881.18,,-1437670.63
2025-05-29,Insurance Premium,11846.76,,-1449517.39
2025-04-09,Fuel,766.5,,-1450283.89
2025-01-07,Insurance Premium,2626.3,,-1452910.19
2025-02-16,UPI to Zomato,19919.42,,-1472829.61
2025-06-19,Flight Booking,19941.69,,-1492771.3
2025-06-09,SIP Investment,17536.9,,-1510308.2
2025-04-12,Medical Expense,10297.02,,-1520605.22
2025-05-01,Amazon Purchase,4520.99,,-1525126.21
2025-02-15,Amazon Purchase,12315.62,,-1537441.83
2025-01-22,Fuel,1322.47,,-1538764.3
2025-01-05,Medical Expense,12701.98,,-1551466.28
2025-04-22,Flight Booking,13353.21,,-1564819.49
2025-06-04,Credit Card Payment,8682.05,,-1573501.54
2025-06-14,Credit Card Payment,11462.66,,-1584964.2
2025-05-15,SIP Investment,6616.89,,-1591581.09
2024-12-29,UPI to Zomato,18299.54,,-1609880.63
2025-03-29,Credit Card Payment,18935.17,,-1628815.8
2025-03-19,Flight Booking,18397.18,,-1647212.98
2025-04-27,Credit Card Payment,1755.29,,-1648968.27
2025-06-14,SIP Investment,8983.65,,-1657951.92
2025-03-17,Credit Card Payment,7384.32,,-1665336.24
2025-02-13,Credit Card Payment,7490.65,,-1672826.89
2025-03-16,Medical Expense,15436.55,,-1688263.44
2025-03-07,Amazon Purchase,917.24,,-1689180.68
2025-02-13,UPI to Zomato,3998.01,,-1693178.69
2025-06-17,Medical Expense,19301.37,,-1712480.06
2025-06-01,Flight Booking,2035.84,,-1714515.9
2025-01-24,Medical Expense,10376.5,,-1724892.4
2025-03-03,UPI to Zomato,6796.45,,-1731688.85
2025-01-17,Electricity Bill,11014.91,,-1742703.76
2025-05-31,Insurance Premium,17118.22,,-1759821.98
2025-05-08,Amazon Purchase,8011.78,,-1767833.76
2025-05-17,Flight Booking,3946.83,,-1771780.59
2025-04-25,Fuel,14308.57,,-1786089.16
2025-04-20,Fuel,12604.89,,-1798694.05
2025-02-18,Electricity Bill,9686.05,,-1808380.1
2025-05-09,SIP Investment,9758.66,,-1818138.76
2025-03-14,Flight Booking,17446.69,,-1835585.45
2025-01-20,Flight Booking,5580.94,,-1841166.39
2025-01-31,Salary Credited,,8351.69,-1832814.7
2025-02-09,Medical Expense,12312.34,,-1845127.04
2025-06-22,Medical Expense,13597.83,,-1858724.87
2025-03-29,SIP Investment,18462.13,,-1877187.0
2025-02-05,Electricity Bill,1143.94,,-1878330.94
2025-06-01,Insurance Premium,6848.4,,-1885179.34
2025-05-20,Salary Credited,,19019.66,-1866159.68
2025-01-01,Electricity Bill,15219.44,,-1881379.12
2025-02-01,UPI to Zomato,8912.77,,-1890291.89
2025-03-17,Amazon Purchase,7697.65,,-1897989.54
2025-06-25,Insurance Premium,1564.39,,-1899553.93
2025-03-27,UPI to Zomato,6361.13,,-1905915.06
2025-03-09,SIP Investment,12145.97,,-1918061.03
2025-04-24,Insurance Premium,18919.57,,-1936980.6
2025-06-08,Medical Expense,10311.98,,-1947292.58
2025-06-03,Salary Credited,,16537.71,-1930754.87
2025-03-16,Fuel,13926.4,,-1944681.27
2025-02-22,Medical Expense,4203.83,,-1948885.1
2025-05-16,Amazon Purchase,12458.23,,-1961343.33
2025-05-27,UPI to Zomato,5759.78,,-1967103.11
2025-04-12,UPI to Zomato,15238.72,,-1982341.83
2025-03-29,Insurance Premium,6599.46,,-1988941.29
2025-04-24,UPI to Zomato,8018.24,,-1996959.53
2025-04-29,Amazon Purchase,12150.47,,-2009110.0
2025-05-04,Insurance Premium,7777.15,,-2016887.15
2025-01-02,Fuel,17661.1,,-2034548.25
2025-04-14,Electricity Bill,11275.47,,-2045823.72
2025-05-14,Credit Card Payment,1036.71,,-2046860.43
2025-01-13,SIP Investment,13409.03,,-2060269.46
2025-02-22,Credit Card Payment,15278.0,,-2075547.46
2025-05-08,Medical Expense,8171.04,,-2083718.5
2025-06-13,SIP Investment,16011.92,,-2099730.42
2025-06-16,Credit Card Payment,8941.17,,-2108671.59
2025-02-03,Fuel,12587.26,,-2121258.85
2025-03-03,SIP Investment,7099.2,,-2128358.05
2025-01-05,Insurance Premium,12124.98,,-2140483.03
2025-05-22,Amazon Purchase,6160.69,,-2146643.72
2024-12-25,Salary Credited,,7477.51,-2139166.21
2025-04-05,SIP Investment,19757.98,,-2158924.19
2025-04-08,Flight Booking,14332.49,,-2173256.68
2025-04-02,Fuel,3095.93,,-2176352.61
2025-05-19,Salary Credited,,13411.43,-2162941.18
2025-05-24,Medical Expense,17095.43,,-2180036.61
2025-05-26,UPI to Zomato,8588.08,,-2188624.69
2025-01-30,Fuel,15245.32,,-2203870.01
2025-06-25,Insurance Premium,3911.33,,-2207781.34
2025-02-14,SIP Investment,17507.27,,-2225288.61
2025-05-18,Electricity Bill,7230.22,,-2232518.83
2025-05-12,Fuel,14078.92,,-2246597.75
2025-06-08,Medical Expense,8197.43,,-2254795.18
2025-04-24,SIP Investment,3753.0,,-2258548.18
2025-04-16,Credit Card Payment,19406.15,,-2277954.33
2025-02-04,Salary Credited,,9362.08,-2268592.25
2025-01-10,Insurance Premium,10415.05,,-2279007.3
2025-01-08,Insurance Premium,12042.15,,-2291049.45
2025-02-16,Flight Booking,7464.21,,-2298513.66
2025-04-18,Flight Booking,19220.19,,-2317733.85
2025-03-11,Credit Card Payment,10211.75,,-2327945.6
2025-02-24,Flight Booking,12644.02,,-2340589.62
2025-02-13,Electricity Bill,6582.96,,-2347172.58
2024-12-31,Credit Card Payment,1177.42,,-2348350.0
2025-06-25,Salary Credited,,13594.21,-2334755.79
2025-04-14,Insurance Premium,19894.66,,-2354650.45
2025-06-02,Amazon Purchase,9903.64,,-2364554.09
2025-06-18,Amazon Purchase,19724.33,,-2384278.42
2025-05-10,Salary Credited,,13003.15,-2371275.27
2025-03-25,Credit Card Payment,2970.46,,-2374245.73
2025-06-11,Flight Booking,3276.84,,-2377522.57
2025-04-04,UPI to Zomato,12633.48,,-2390156.05
2025-03-20,Electricity Bill,9849.93,,-2400005.98
2025-03-11,UPI to Zomato,19563.07,,-2419569.05
2025-06-17,Electricity Bill,9368.51,,-2428937.56
2025-05-17,UPI to Zomato,10561.6,,-2439499.16
2025-03-11,Medical Expense,12131.9,,-2451631.06
2025-04-02,Electricity Bill,3245.62,,-2454876.68
2025-06-25,Medical Expense,8712.76,,-2463589.44
2025-01-01,Electricity Bill,16824.0,,-2480413.44
2025-02-04,Salary Credited,,14309.6,-2466103.84
2025-04-08,Amazon Purchase,10030.99,,-2476134.83
2025-01-14,UPI to Zomato,7901.18,,-2484036.01
2025-06-20,Electricity Bill,6930.49,,-2490966.5
2025-03-30,Salary Credited,,888.39,-2490078.11
2025-03-26,Flight Booking,18420.28,,-2508498.39
2025-05-20,Flight Booking,10522.5,,-2519020.89
2025-06-16,UPI to Zomato,1069.26,,-2520090.15
2025-04-22,Insurance Premium,7065.18,,-2527155.33
2025-04-17,SIP Investment,10897.77,,-2538053.1
2025-02-26,Amazon Purchase,5530.94,,-2543584.04
2025-01-24,Electricity Bill,17156.99,,-2560741.03
2025-03-29,Amazon Purchase,8869.22,,-2569610.25
2025-05-19,UPI to Zomato,1101.51,,-2570711.76
2025-06-23,Flight Booking,5382.97,,-2576094.73
2025-01-15,Amazon Purchase,2172.11,,-2578266.84
2025-05-04,Flight Booking,12493.76,,-2590760.6
2025-01-20,Amazon Purchase,6650.43,,-2597411.03
2025-01-11,Amazon Purchase,15560.12,,-2612971.15
2025-03-12,Electricity Bill,19409.38,,-2632380.53
2025-04-11,Electricity Bill,11587.9,,-2643968.43
2025-06-13,Electricity Bill,5213.48,,-2649181.91
2025-04-03,UPI to Zomato,17046.86,,-2666228.77
2025-01-15,Flight Booking,1851.56,,-2668080.33
2025-04-13,Electricity Bill,17652.24,,-2685732.57
2024-12-25,Medical Expense,14744.96,,-2700477.53
2024-12-28,SIP Investment,1932.16,,-2702409.69
2025-02-10,Salary Credited,,9818.34,-2692591.35
2025-02-06,Fuel,5249.17,,-2697840.52
2025-02-14,Medical Expense,1751.55,,-2699592.07
2025-03-23,UPI to Zomato,4511.98,,-2704104.05
2025-06-22,Insurance Premium,15530.21,,-2719634.26
2025-01-05,Insurance Premium,16233.9,,-2735868.16
2025-02-24,Credit Card Payment,15113.39,,-2750981.55
2025-02-26,Flight Booking,1054.41,,-2752035.96
2025-05-13,Amazon Purchase,2787.86,,-2754823.82
2025-02-03,SIP Investment,2096.0,,-2756919.82
2025-03-03,Medical Expense,528.68,,-2757448.5
2025-06-07,Insurance Premium,15050.59,,-2772499.09
2025-01-26,Medical Expense,3265.42,,-2775764.51
2025-01-27,Electricity Bill,16881.14,,-2792645.65
2025-02-06,Medical Expense,12555.89,,-2805201.54
2025-04-25,Flight Booking,16111.64,,-2821313.18
2025-02-16,Credit Card Payment,12254.56,,-2833567.74
2025-03-03,SIP Investment,761.7,,-2834329.44
2025-01-01,Amazon Purchase,2936.06,,-2837265.5
2025-03-12,Flight Booking,10847.65,,-2848113.15
2025-01-02,Electricity Bill,9786.58,,-2857899.73
2025-06-19,Salary Credited,,16461.62,-2841438.11
2025-05-05,Credit Card Payment,1645.65,,-2843083.76
2025-02-21,Salary Credited,,15185.58,-2827898.18
2025-04-14,Salary Credited,,8254.35,-2819643.83
2025-04-08,Credit Card Payment,12168.21,,-2831812.04
2024-12-26,Salary Credited,,4530.44,-2827281.6
2025-01-17,UPI to Zomato,6757.99,,-2834039.59
2025-01-20,Flight Booking,18686.61,,-2852726.2
2025-02-28,Fuel,16354.11,,-2869080.31
2025-05-01,Credit Card Payment,1332.59,,-2870412.9
2025-01-12,Amazon Purchase,10532.37,,-2880945.27
2025-03-14,Medical Expense,18823.24,,-2899768.51
2025-02-13,UPI to Zomato,586.16,,-2900354.67
2025-05-04,Flight Booking,19566.38,,-2919921.05
2025-05-13,Credit Card Payment,14726.4,,-2934647.45
2025-05-08,UPI to Zomato,14143.25,,-2948790.7
2025-02-18,Amazon Purchase,10759.7,,-2959550.4
2025-05-28,UPI to Zomato,15787.97,,-2975338.37
2025-01-17,UPI to Zomato,4428.07,,-2979766.44
2025-04-15,UPI to Zomato,1489.53,,-2981255.97
2025-05-05,Flight Booking,1541.41,,-2982797.38
2025-04-16,Flight Booking,9662.91,,-2992460.29
2025-06-21,Fuel,16924.49,,-3009384.78
2025-02-12,SIP Investment,3892.81,,-3013277.59
2025-01-23,UPI to Zomato,6326.26,,-3019603.85
2025-04-30,UPI to Zomato,4833.64,,-3024437.49
2025-05-01,Fuel,7437.15,,-3031874.64
2025-05-05,Insurance Premium,16426.95,,-3048301.59
2025-05-29,Electricity Bill,19742.47,,-3068044.06
2025-06-25,Salary Credited,,1635.25,-3066408.81
2025-02-05,Fuel,1269.97,,-3067678.78
2025-04-12,Flight Booking,9146.3,,-3076825.08
2025-04-05,Salary Credited,,18291.51,-3058533.57
2025-05-11,SIP Investment,19179.54,,-3077713.11
2025-03-12,Insurance Premium,5574.14,,-3083287.25
2025-05-02,Fuel,8392.57,,-3091679.82
2025-01-05,UPI to Zomato,2307.16,,-3093986.98
2025-05-20,Salary Credited,,532.71,-3093454.27
2025-03-14,Medical Expense,2692.4,,-3096146.67
2025-03-03,Credit Card Payment,17229.83,,-3113376.5
2025-01-09,Amazon Purchase,13426.66,,-3126803.16
2025-06-24,Insurance Premium,6232.83,,-3133035.99
2025-03-12,Fuel,8255.94,,-3141291.93
2025-06-19,Insurance Premium,13737.01,,-3155028.94
2025-06-02,Credit Card Payment,12216.25,,-3167245.19
2025-04-04,Electricity Bill,11874.36,,-3179119.55
2025-03-12,UPI to Zomato,19865.7,,-3198985.25
2025-02-07,Credit Card Payment,10376.67,,-3209361.92
2025-04-21,Electricity Bill,19946.55,,-3229308.47
2025-05-02,Amazon Purchase,19219.78,,-3248528.25
2025-06-13,SIP Investment,15972.16,,-3264500.41
2025-05-03,Medical Expense,14850.5,,-3279350.91
2025-05-29,Credit Card Payment,19127.1,,-3298478.01
2025-04-27,Insurance Premium,17954.48,,-3316432.49
2025-04-03,Credit Card Payment,18069.77,,-3334502.26
2025-06-02,UPI to Zomato,7319.1,,-3341821.36
2025-06-24,UPI to Zomato,17341.18,,-3359162.54
2025-05-24,Insurance Premium,8143.97,,-3367306.51
2025-03-29,Salary Credited,,7722.04,-3359584.47
2025-05-21,Flight Booking,18933.04,,-3378517.51
2025-02-26,Medical Expense,17409.04,,-3395926.55
2025-03-30,Insurance Premium,17890.35,,-3413816.9
2025-02-22,Insurance Premium,8176.71,,-3421993.61
2025-06-13,Fuel,10212.58,,-3432206.19
2025-04-10,Salary Credited,,4554.64,-3427651.55
2025-05-02,Credit Card Payment,2011.5,,-3429663.05
2025-03-20,Electricity Bill,15187.48,,-3444850.53
2025-01-17,Amazon Purchase,6986.73,,-3451837.26
2025-06-18,UPI to Zomato,14430.87,,-3466268.13
2025-03-03,UPI to Zomato,2235.49,,-3468503.62
2025-05-30,Salary Credited,,17654.31,-3450849.31
2024-12-30,Insurance Premium,2194.56,,-3453043.87
2025-02-10,Insurance Premium,14373.57,,-3467417.44
2025-03-01,Salary Credited,,6779.9,-3460637.54
2025-05-28,Medical Expense,14649.63,,-3475287.17
2025-06-16,Fuel,11599.06,,-3486886.23
2025-03-14,Electricity Bill,19869.14,,-3506755.37
2025-01-08,Amazon Purchase,13913.41,,-3520668.78
2025-05-22,Insurance Premium,2742.75,,-3523411.53
2025-04-27,Amazon Purchase,15199.26,,-3538610.79
2025-04-03,Insurance Premium,6389.11,,-3544999.9
2025-03-11,Fuel,10910.7,,-3555910.6
2024-12-29,Medical Expense,19259.89,,-3575170.49
2025-04-20,Medical Expense,9791.37,,-3584961.86
2025-02-25,Electricity Bill,8635.7,,-3593597.56
2025-06-23,Medical Expense,1070.12,,-3594667.68
2025-03-25,Insurance Premium,3333.44,,-3598001.12
2025-03-17,Insurance Premium,1731.0,,-3599732.12
2025-04-06,Amazon Purchase,4081.29,,-3603813.41
2025-06-12,Amazon Purchase,4615.28,,-3608428.69
2025-03-02,Credit Card Payment,14893.91,,-3623322.6
2025-04-17,Electricity Bill,14368.38,,-3637690.98
2025-01-15,Credit Card Payment,15449.53,,-3653140.51
2025-02-03,Electricity Bill,8696.96,,-3661837.47
2025-06-25,Amazon Purchase,7103.32,,-3668940.79
2025-03-22,Salary Credited,,8976.5,-3659964.29
2025-03-01,Amazon Purchase,3349.95,,-3663314.24
2025-01-29,UPI to Zomato,2376.18,,-3665690.42
2025-03-15,Electricity Bill,5233.35,,-3670923.77
2025-03-15,Salary Credited,,1736.54,-3669187.23
2025-05-08,Fuel,2166.82,,-3671354.05
2025-06-14,Salary Credited,,17250.04,-3654104.01
2024-12-25,Amazon Purchase,4268.73,,-3658372.74
2025-05-19,Fuel,15615.79,,-3673988.53
2025-05-06,Insurance Premium,13511.12,,-3687499.65
2025-03-17,Salary Credited,,6639.16,-3680860.49
2025-01-04,Flight Booking,11959.3,,-3692819.79
2025-02-13,SIP Investment,12634.46,,-3705454.25
2025-03-09,Medical Expense,4880.61,,-3710334.86
2025-05-31,Amazon Purchase,15124.77,,-3725459.63
2025-02-09,Amazon Purchase,17667.27,,-3743126.9
2025-01-29,SIP Investment,14431.27,,-3757558.17
2025-01-04,Medical Expense,15356.17,,-3772914.34
2025-04-12,Amazon Purchase,17145.36,,-3790059.7
2025-05-01,SIP Investment,3328.72,,-3793388.42
2025-02-23,Credit Card Payment,14696.86,,-3808085.28
2025-06-07,UPI to Zomato,16084.29,,-3824169.57
2025-02-13,Salary Credited,,7310.34,-3816859.23
2025-04-05,Credit Card Payment,4450.68,,-3821309.91
2025-04-14,Salary Credited,,7113.1,-3814196.81
2025-06-05,Credit Card Payment,9840.11,,-3824036.92
2025-01-02,SIP Investment,6763.15,,-3830800.07
2025-02-26,Fuel,3664.32,,-3834464.39
2025-05-05,Insurance Premium,5121.27,,-3839585.66
2025-03-27,Insurance Premium,3702.46,,-3843288.12
2025-05-26,Medical Expense,13704.05,,-3856992.17
2025-05-04,Salary Credited,,15715.79,-3841276.38
2025-03-21,Electricity Bill,12115.84,,-3853392.22
2025-06-17,Credit Card Payment,7913.08,,-3861305.3
2025-02-14,Flight Booking,3555.25,,-3864860.55
2025-03-15,Insurance Premium,2462.1,,-3867322.65
2025-02-11,Electricity Bill,6681.87,,-3874004.52
2025-01-29,Insurance Premium,17603.2,,-3891607.72
2025-04-16,Amazon Purchase,6953.75,,-3898561.47
2025-05-14,Insurance Premium,10303.28,,-3908864.75
2025-04-06,Electricity Bill,9905.21,,-3918769.96
2025-01-09,Credit Card Payment,12902.36,,-3931672.32
2025-01-16,Fuel,11442.69,,-3943115.01
2025-03-15,Flight Booking,1197.87,,-3944312.88
2025-04-06,SIP Investment,1168.21,,-3945481.09
2025-05-17,Amazon Purchase,8509.77,,-3953990.86
2025-04-29,Amazon Purchase,8373.58,,-3962364.44
2025-06-13,Insurance Premium,12744.04,,-3975108.48
2025-06-06,Insurance Premium,11683.69,,-3986792.17
2025-03-02,Electricity Bill,8533.6,,-3995325.77
2025-04-10,Fuel,16455.92,,-4011781.69
2025-02-11,Electricity Bill,14701.92,,-4026483.61
2025-05-15,Salary Credited,,15653.76,-4010829.85
2025-06-24,SIP Investment,2231.12,,-4013060.97
2025-02-26,UPI to Zomato,19580.43,,-4032641.4
2025-06-15,Insurance Premium,9261.57,,-4041902.97
2025-02-22,UPI to Zomato,9972.92,,-4051875.89
2025-01-10,SIP Investment,11893.96,,-4063769.85
2025-06-12,SIP Investment,12585.38,,-4076355.23
2025-03-23,Amazon Purchase,1958.54,,-4078313.77
2025-05-10,UPI to Zomato,3848.16,,-4082161.93
2025-01-10,Salary Credited,,16510.05,-4065651.88
2025-04-03,Electricity Bill,7516.95,,-4073168.83
2025-03-02,Medical Expense,10003.53,,-4083172.36
2025-01-16,Amazon Purchase,14266.45,,-4097438.81
2025-01-18,SIP Investment,12309.4,,-4109748.21
2025-04-10,Electricity Bill,15512.71,,-4125260.92
2025-06-17,Medical Expense,10905.94,,-4136166.86
2025-04-28,Insurance Premium,12154.24,,-4148321.1
2025-04-22,UPI to Zomato,17754.38,,-4166075.48
2025-01-27,Insurance Premium,10853.92,,-4176929.4
2025-02-17,Medical Expense,5560.31,,-4182489.71
2025-03-18,Insurance Premium,7751.09,,-4190240.8
2025-04-27,Flight Booking,4766.51,,-4195007.31
2025-04-20,Medical Expense,16345.81,,-4211353.12
2025-01-09,Electricity Bill,11883.29,,-4223236.41
2025-03-18,SIP Investment,13505.24,,-4236741.65
2024-12-26,Electricity Bill,3256.29,,-4239997.94
2025-05-19,Credit Card Payment,8495.46,,-4248493.4
2025-03-13,Credit Card Payment,6032.1,,-4254525.5
2025-03-13,Insurance Premium,15109.34,,-4269634.84
2025-04-13,Flight Booking,7557.22,,-4277192.06
2025-03-10,UPI to Zomato,12398.09,,-4289590.15
2025-05-06,Fuel,12958.08,,-4302548.23
2025-03-10,Medical Expense,2729.83,,-4305278.06
2025-01-27,Flight Booking,17520.09,,-4322798.15
2025-03-03,Salary Credited,,16663.37,-4306134.78
2025-02-16,Salary Credited,,2345.16,-4303789.62
2025-03-28,UPI to Zomato,13888.61,,-4317678.23
2025-05-06,Electricity Bill,10706.82,,-4328385.05
2025-02-11,Fuel,4694.88,,-4333079.93
2025-01-16,Medical Expense,17481.07,,-4350561.0
2025-03-07,Electricity Bill,4397.93,,-4354958.93
2025-02-22,SIP Investment,683.57,,-4355642.5
2025-05-20,Salary Credited,,2742.92,-4352899.58
2025-05-19,Salary Credited,,5563.05,-4347336.53
2025-05-14,Insurance Premium,12462.97,,-4359799.5
2025-02-17,UPI to Zomato,14851.11,,-4374650.61
2025-05-19,Insurance Premium,5227.01,,-4379877.62
2025-04-03,Amazon Purchase,18632.31,,-4398509.93
2025-06-25,Electricity Bill,12962.36,,-4411472.29
2025-01-23,Electricity Bill,5127.12,,-4416599.41
2025-05-12,Salary Credited,,16084.07,-4400515.34
2025-04-04,Salary Credited,,5092.85,-4395422.49
2025-04-21,Salary Credited,,6968.93,-4388453.56
2025-06-04,Amazon Purchase,18099.99,,-4406553.55
2025-02-28,Medical Expense,14447.29,,-4421000.84
2025-03-18,Salary Credited,,8559.29,-4412441.55
2024-12-28,Credit Card Payment,13593.0,,-4426034.55
2024-12-26,Fuel,1838.02,,-4427872.57
2025-02-24,Medical Expense,2487.71,,-4430360.28
2025-03-12,Credit Card Payment,9272.3,,-4439632.58
2025-06-17,UPI to Zomato,14318.77,,-4453951.35
2025-03-30,Flight Booking,15655.23,,-4469606.58
2025-01-24,Salary Credited,,19157.18,-4450449.4
2025-04-30,Medical Expense,1350.78,,-4451800.18
2025-03-09,UPI to Zomato,18783.49,,-4470583.67
2025-06-14,Fuel,9546.19,,-4480129.86
2025-05-22,Insurance Premium,15800.85,,-4495930.71
2025-02-05,Salary Credited,,11852.41,-4484078.3
2025-06-22,Fuel,9732.13,,-4493810.43
2025-03-15,Salary Credited,,6463.93,-4487346.5
2025-03-06,Credit Card Payment,12140.78,,-4499487.28
2025-02-23,Amazon Purchase,17412.09,,-4516899.37
2025-02-09,Medical Expense,17264.49,,-4534163.86
2025-05-31,Electricity Bill,2350.09,,-4536513.95
2025-04-22,Credit Card Payment,7608.62,,-4544122.57
2025-02-07,Amazon Purchase,14945.77,,-4559068.34
2025-01-11,SIP Investment,7917.38,,-4566985.72
2025-02-06,Amazon Purchase,19508.39,,-4586494.11
2025-01-19,Medical Expense,4896.56,,-4591390.67
2025-02-15,Flight Booking,16577.04,,-4607967.71
2025-01-24,SIP Investment,1833.75,,-4609801.46
2025-01-09,SIP Investment,7658.63,,-4617460.09
2025-04-01,Amazon Purchase,16410.82,,-4633870.91
2025-05-18,Amazon Purchase,19061.51,,-4652932.42
2025-04-07,Flight Booking,10427.77,,-4663360.19
2025-02-25,UPI to Zomato,6575.13,,-4669935.32
2025-01-20,Medical Expense,555.37,,-4670490.69
2025-02-17,Flight Booking,15757.41,,-4686248.1
2025-04-01,SIP Investment,15499.55,,-4701747.65
2025-02-07,Electricity Bill,3321.99,,-4705069.64
2025-01-10,Amazon Purchase,9651.0,,-4714720.64
2025-03-24,Amazon Purchase,15408.11,,-4730128.75
2025-04-19,Fuel,14820.62,,-4744949.37
2025-04-16,Amazon Purchase,9536.23,,-4754485.6
2025-06-24,Amazon Purchase,4423.62,,-4758909.22
2025-05-07,UPI to Zomato,12855.39,,-4771764.61
2025-05-02,Amazon Purchase,16673.51,,-4788438.12
2025-04-30,Salary Credited,,19805.01,-4768633.11
2025-01-27,Credit Card Payment,9122.52,,-4777755.63
2025-06-20,SIP Investment,18681.74,,-4796437.37
2025-02-21,Fuel,12000.62,,-4808437.99
2025-04-05,UPI to Zomato,15468.94,,-4823906.93
2025-06-07,Fuel,12816.36,,-4836723.29
2025-05-24,Fuel,14423.42,,-4851146.71
2025-01-16,Medical Expense,14026.58,,-4865173.29
2025-05-12,SIP Investment,12971.65,,-4878144.94
2025-01-11,Credit Card Payment,16264.32,,-4894409.26
2025-02-27,Insurance Premium,8885.2,,-4903294.46
2024-12-27,UPI to Zomato,5815.57,,-4909110.03
2025-05-20,Salary Credited,,1025.8,-4908084.23
2025-04-18,Electricity Bill,19813.25,,-4927897.48
2025-06-07,Credit Card Payment,6263.42,,-4934160.9
2025-01-13,UPI to Zomato,14323.17,,-4948484.07
2025-04-10,SIP Investment,18715.76,,-4967199.83
2025-05-09,Electricity Bill,4508.25,,-4971708.08
2025-02-14,Credit Card Payment,6054.2,,-4977762.28
2025-05-25,Credit Card Payment,13655.09,,-4991417.37
2025-01-23,Salary Credited,,7579.54,-4983837.83
2024-12-29,UPI to Zomato,12031.11,,-4995868.94
2025-03-30,Flight Booking,6371.94,,-5002240.88
2025-02-11,Fuel,18961.83,,-5021202.71
2025-03-22,Medical Expense,14868.61,,-5036071.32
2025-06-15,Fuel,6669.18,,-5042740.5
2025-01-21,Electricity Bill,12422.23,,-5055162.73
2025-04-05,SIP Investment,6558.3,,-5061721.03
2025-01-29,Insurance Premium,10152.24,,-5071873.27
2025-04-28,SIP Investment,16450.74,,-5088324.01
2025-05-25,Credit Card Payment,3631.81,,-5091955.82
2025-05-30,Flight Booking,12883.55,,-5104839.37
2025-03-31,Amazon Purchase,4033.1,,-5108872.47
2025-01-02,Insurance Premium,11435.05,,-5120307.52
2025-05-07,Salary Credited,,10145.33,-5110162.19
2025-04-12,UPI to Zomato,15458.79,,-5125620.98
2025-04-18,Insurance Premium,13864.87,,-5139485.85
2025-04-02,UPI to Zomato,13576.81,,-5153062.66
2025-01-25,Amazon Purchase,18784.55,,-5171847.21
2025-03-12,Insurance Premium,7646.84,,-5179494.05
2025-02-24,Insurance Premium,4669.27,,-5184163.32
2025-04-24,Insurance Premium,15974.42,,-5200137.74
2025-04-13,SIP Investment,6427.6,,-5206565.34
2025-02-07,SIP Investment,4757.95,,-5211323.29
2025-04-16,Flight Booking,1525.73,,-5212849.02
2025-03-30,SIP Investment,3569.84,,-5216418.86
2024-12-26,Credit Card Payment,19823.77,,-5236242.63
2025-06-07,UPI to Zomato,7183.6,,-5243426.23
2025-04-28,Insurance Premium,3165.54,,-5246591.77
2025-01-20,SIP Investment,8647.93,,-5255239.7
2025-02-08,Electricity Bill,6320.53,,-5261560.23
2025-01-08,Insurance Premium,8018.25,,-5269578.48
2025-02-07,Medical Expense,16846.06,,-5286424.54
2025-05-27,UPI to Zomato,15380.8,,-5301805.34
2025-02-25,Flight Booking,11411.35,,-5313216.69
2025-04-07,Medical Expense,4520.46,,-5317737.15
2025-05-15,Salary Credited,,14027.89,-5303709.26
2025-01-08,SIP Investment,18705.01,,-5322414.27
2025-05-06,UPI to Zomato,9542.12,,-5331956.39
2025-04-26,Insurance Premium,18542.42,,-5350498.81
2025-06-12,Fuel,6419.22,,-5356918.03
2025-03-29,Salary Credited,,3843.12,-5353074.91
2025-01-23,Credit Card Payment,18920.05,,-5371994.96
2025-01-07,Insurance Premium,18055.4,,-5390050.36
2025-06-05,UPI to Zomato,4625.37,,-5394675.73
2025-04-27,UPI to Zomato,764.93,,-5395440.66
2025-02-27,Electricity Bill,2638.43,,-5398079.09
2025-05-13,Flight Booking,14173.03,,-5412252.12
2025-03-25,Credit Card Payment,4964.04,,-5417216.16
2025-04-09,Electricity Bill,17186.21,,-5434402.37
2025-02-03,Fuel,4474.27,,-5438876.64
2025-01-05,Medical Expense,15954.9,,-5454831.54
2025-05-02,Amazon Purchase,832.73,,-5455664.27
2025-02-27,Credit Card Payment,11972.33,,-5467636.6
2024-12-28,Medical Expense,6617.32,,-5474253.92
2025-03-16,Credit Card Payment,15196.42,,-5489450.34
2025-03-25,SIP Investment,6454.64,,-5495904.98
2025-06-08,Salary Credited,,13677.24,-5482227.74
2025-04-30,Fuel,3947.9,,-5486175.64
2025-03-03,Amazon Purchase,3278.5,,-5489454.14
2025-05-16,Insurance Premium,4178.3,,-5493632.44
2025-01-28,Salary Credited,,16258.08,-5477374.36
2025-05-26,SIP Investment,15607.5,,-5492981.86
2025-04-12,Amazon Purchase,6769.05,,-5499750.91
2025-06-14,SIP Investment,12238.41,,-5511989.32
2025-05-22,UPI to Zomato,17266.84,,-5529256.16
2025-05-06,SIP Investment,1588.85,,-5530845.01
2025-01-14,Electricity Bill,8823.1,,-5539668.11
2025-05-04,Flight Booking,6664.33,,-5546332.44
2025-05-05,SIP Investment,8605.44,,-5554937.88
2024-12-27,Amazon Purchase,13865.97,,-5568803.85
2025-04-23,Medical Expense,7785.03,,-5576588.88
2025-03-18,Insurance Premium,2906.15,,-5579495.03
2025-05-26,Electricity Bill,9029.61,,-5588524.64
2025-03-26,SIP Investment,789.08,,-5589313.72
2025-03-20,Flight Booking,11105.28,,-5600419.0
2025-03-02,Medical Expense,13955.69,,-5614374.69
2025-04-11,Medical Expense,15080.15,,-5629454.84
2025-05-16,Salary Credited,,3523.92,-5625930.92
2025-01-17,Electricity Bill,16241.42,,-5642172.34
2025-06-08,UPI to Zomato,9088.08,,-5651260.42
2025-05-04,Salary Credited,,7484.59,-5643775.83
2025-03-28,Flight Booking,4759.61,,-5648535.44
2025-04-03,Flight Booking,1672.07,,-5650207.51
2025-06-24,UPI to Zomato,12785.46,,-5662992.97
2025-01-25,Amazon Purchase,14287.6,,-5677280.57
2025-02-01,SIP Investment,5829.88,,-5683110.45
2025-06-12,Fuel,11727.66,,-5694838.11
2025-02-15,Insurance Premium,9796.14,,-5704634.25
2025-01-25,Flight Booking,5269.06,,-5709903.31
2025-05-18,Salary Credited,,18252.37,-5691650.94
2025-03-01,Fuel,4177.59,,-5695828.53
2025-03-20,Amazon Purchase,518.79,,-5696347.32
2025-03-14,Amazon Purchase,6090.63,,-5702437.95
2025-03-31,Insurance Premium,3059.5,,-5705497.45
2025-02-08,Salary Credited,,16657.81,-5688839.64
2025-02-04,Insurance Premium,10682.14,,-5699521.78
2025-02-17,Credit Card Payment,17135.3,,-5716657.08
2025-01-05,Credit Card Payment,3119.28,,-5719776.36
2025-02-13,Salary Credited,,15392.82,-5704383.54
2025-02-23,SIP Investment,3624.27,,-5708007.81
2025-03-30,Medical Expense,12684.95,,-5720692.76
2025-02-05,Salary Credited,,7812.92,-5712879.84
2025-02-07,Credit Card Payment,8496.42,,-5721376.26
2025-06-17,Electricity Bill,12397.85,,-5733774.11
2025-02-23,Electricity Bill,11620.4,,-5745394.51
2025-01-01,Electricity Bill,17268.87,,-5762663.38
2025-06-20,Flight Booking,1614.93,,-5764278.31
2025-02-12,Amazon Purchase,12355.68,,-5776633.99
2025-01-22,Insurance Premium,8143.01,,-5784777.0
2025-03-28,SIP Investment,19334.37,,-5804111.37
2025-03-21,Fuel,681.35,,-5804792.72
2025-02-09,SIP Investment,10509.19,,-5815301.91
2025-05-24,UPI to Zomato,8641.18,,-5823943.09
2024-12-28,Insurance Premium,5199.28,,-5829142.37
2025-05-16,Fuel,11715.31,,-5840857.68
2025-01-16,Salary Credited,,18917.14,-5821940.54
2025-01-13,Amazon Purchase,15525.41,,-5837465.95
2025-05-13,Fuel,11476.66,,-5848942.61
2025-05-21,Salary Credited,,6745.63,-5842196.98
2025-05-28,UPI to Zomato,11679.81,,-5853876.79
2025-06-21,Fuel,8062.97,,-5861939.76
2025-04-08,Electricity Bill,18368.56,,-5880308.32
2025-06-07,UPI to Zomato,19463.12,,-5899771.44
2025-02-07,Insurance Premium,4242.09,,-5904013.53
2025-01-07,Fuel,11820.22,,-5915833.75
2025-01-28,Credit Card Payment,18552.74,,-5934386.49
2025-02-02,SIP Investment,4495.0,,-5938881.49
2025-05-27,UPI to Zomato,6328.67,,-5945210.16
2025-02-17,Insurance Premium,16926.1,,-5962136.26
2025-04-18,Flight Booking,17784.22,,-5979920.48
2025-04-03,Fuel,10871.73,,-5990792.21
2025-05-13,Fuel,5188.66,,-5995980.87
2025-02-14,UPI to Zomato,19341.54,,-6015322.41
2025-04-20,SIP Investment,18103.75,,-6033426.16
2025-03-21,Credit Card Payment,13105.94,,-6046532.1
2025-01-08,Medical Expense,11242.99,,-6057775.09
2025-05-05,Insurance Premium,4331.65,,-6062106.74
2025-03-14,Electricity Bill,1516.2,,-6063622.94
2025-02-19,Salary Credited,,6048.01,-6057574.93
2025-01-12,Salary Credited,,18077.18,-6039497.75
2025-01-16,Electricity Bill,985.66,,-6040483.41
2025-04-28,SIP Investment,13479.11,,-6053962.52
2025-03-31,Fuel,6491.41,,-6060453.93
2025-01-13,Fuel,12542.95,,-6072996.88
2025-01-20,UPI to Zomato,8757.17,,-6081754.05
2025-05-06,Medical Expense,9294.37,,-6091048.42
2025-05-13,Insurance Premium,5132.55,,-6096180.97
2025-01-23,Salary Credited,,14640.7,-6081540.27
2025-02-24,UPI to Zomato,8296.28,,-6089836.55
2025-01-31,Credit Card Payment,6478.65,,-6096315.2
2025-04-25,Salary Credited,,3570.02,-6092745.18
2025-02-03,Electricity Bill,14971.38,,-6107716.56
2025-01-06,Medical Expense,12266.99,,-6119983.55
2025-02-07,UPI to Zomato,8446.21,,-6128429.76
2025-03-18,Flight Booking,17018.28,,-6145448.04
2025-03-31,Medical Expense,17199.46,,-6162647.5
2025-01-05,Medical Expense,16709.84,,-6179357.34
2025-06-17,Insurance Premium,11517.84,,-6190875.18
2025-04-13,Electricity Bill,5221.67,,-6196096.85
2025-05-09,Medical Expense,10052.5,,-6206149.35
2025-03-30,Fuel,7230.53,,-6213379.88
2025-03-20,Fuel,14853.44,,-6228233.32
2025-05-21,SIP Investment,8766.03,,-6236999.35
2025-03-07,UPI to Zomato,7686.82,,-6244686.17
2025-05-25,Salary Credited,,5205.45,-6239480.72
2025-02-26,Insurance Premium,2396.57,,-6241877.29
2025-05-04,UPI to Zomato,13606.11,,-6255483.4
2025-04-18,Credit Card Payment,7995.31,,-6263478.71
2025-02-27,Credit Card Payment,12621.54,,-6276100.25
2025-05-13,Medical Expense,13341.11,,-6289441.36
2024-12-30,Credit Card Payment,11186.13,,-6300627.49
2025-02-09,Amazon Purchase,4340.98,,-6304968.47
2025-05-29,Credit Card Payment,14468.64,,-6319437.11
2025-01-04,Credit Card Payment,9726.22,,-6329163.33
2025-02-16,UPI to Zomato,4512.79,,-6333676.12
2025-02-20,Amazon Purchase,11353.02,,-6345029.14
2025-03-23,Medical Expense,11891.01,,-6356920.15
2025-05-10,Salary Credited,,8873.85,-6348046.3
2025-04-19,Medical Expense,11978.35,,-6360024.65
2025-06-14,Flight Booking,15373.21,,-6375397.86
2025-01-03,Insurance Premium,6221.65,,-6381619.51
2025-02-05,Insurance Premium,2727.01,,-6384346.52
2025-01-31,Salary Credited,,10582.28,-6373764.24
2025-04-16,Flight Booking,8666.02,,-6382430.26
2025-05-12,Flight Booking,13481.73,,-6395911.99
2025-01-18,Fuel,12454.93,,-6408366.92
2025-04-18,Fuel,9071.57,,-6417438.49
2025-06-19,Flight Booking,18720.87,,-6436159.36
2025-03-07,UPI to Zomato,17510.26,,-6453669.62
2025-01-28,Credit Card Payment,14464.35,,-6468133.97
2025-05-02,Electricity Bill,15221.01,,-6483354.98
2025-01-27,Flight Booking,9282.95,,-6492637.93
2025-02-21,Amazon Purchase,19987.83,,-6512625.76
2025-06-09,Electricity Bill,7342.41,,-6519968.17
2025-02-27,Medical Expense,5864.13,,-6525832.3
2025-05-02,Electricity Bill,8251.84,,-6534084.14
2025-03-01,Amazon Purchase,11254.56,,-6545338.7
2025-04-16,Insurance Premium,2461.97,,-6547800.67
2025-05-07,Salary Credited,,6974.9,-6540825.77
2025-05-16,Salary Credited,,16109.65,-6524716.12
2025-02-13,Electricity Bill,17165.18,,-6541881.3
2025-03-20,Flight Booking,17075.83,,-6558957.13
2025-05-24,Salary Credited,,17819.19,-6541137.94
2025-05-30,SIP Investment,3511.14,,-6544649.08
2025-03-07,SIP Investment,6686.45,,-6551335.53
2025-02-17,Salary Credited,,17473.25,-6533862.28
2025-05-10,Flight Booking,3478.65,,-6537340.93
2025-03-02,Flight Booking,3391.37,,-6540732.3
2025-04-15,Amazon Purchase,5118.66,,-6545850.96
2025-05-20,SIP Investment,18180.5,,-6564031.46
2025-04-19,Credit Card Payment,15877.02,,-6579908.48
2025-01-26,Salary Credited,,18788.35,-6561120.13
2025-05-03,SIP Investment,17931.72,,-6579051.85
2025-02-25,Flight Booking,18643.55,,-6597695.4
2025-02-11,Electricity Bill,6459.15,,-6604154.55
2025-05-04,Flight Booking,12060.09,,-6616214.64
2025-05-22,Insurance Premium,9580.07,,-6625794.71
2025-05-13,Salary Credited,,19760.01,-6606034.7
2025-03-17,Medical Expense,1958.62,,-6607993.32
2025-05-29,Flight Booking,8837.19,,-6616830.51
2025-05-06,SIP Investment,5550.16,,-6622380.67
2025-05-03,Electricity Bill,8383.07,,-6630763.74
2025-03-28,UPI to Zomato,19258.18,,-6650021.92
2025-06-12,Electricity Bill,16984.32,,-6667006.24
2025-04-10,Flight Booking,8041.49,,-6675047.73
2025-01-19,SIP Investment,14123.66,,-6689171.39
2025-02-26,Credit Card Payment,12459.74,,-6701631.13
2025-02-23,Credit Card Payment,11462.4,,-6713093.53
2025-02-06,Amazon Purchase,18633.68,,-6731727.21
2025-01-22,Electricity Bill,14279.58,,-6746006.79
2025-04-10,Salary Credited,,3641.27,-6742365.52
2025-04-21,Fuel,15258.8,,-6757624.32
2025-04-18,Amazon Purchase,8078.43,,-6765702.75
2025-05-16,Fuel,6557.53,,-6772260.28
2025-04-15,Flight Booking,1410.97,,-6773671.25
2025-06-07,Medical Expense,17908.23,,-6791579.48
2025-03-06,Medical Expense,12617.36,,-6804196.84
2025-02-10,Fuel,1765.07,,-6805961.91
2025-05-01,UPI to Zomato,18065.63,,-6824027.54
2025-03-03,Insurance Premium,4353.46,,-6828381.0
2025-06-18,UPI to Zomato,10178.98,,-6838559.98
2025-01-11,Flight Booking,4171.5,,-6842731.48
2025-02-24,Electricity Bill,4170.41,,-6846901.89
2025-06-14,Amazon Purchase,16532.66,,-6863434.55
2025-06-23,Amazon Purchase,4101.72,,-6867536.27
2025-03-03,Credit Card Payment,3689.87,,-6871226.14
2025-04-19,Flight Booking,16922.7,,-6888148.84
2025-06-22,Amazon Purchase,10743.54,,-6898892.38
2025-06-11,Amazon Purchase,11870.08,,-6910762.46
2025-01-09,Insurance Premium,2404.13,,-6913166.59
2025-05-06,SIP Investment,14081.62,,-6927248.21
2025-03-17,Salary Credited,,9922.05,-6917326.16
2025-01-08,Insurance Premium,5584.79,,-6922910.95
2025-02-10,Credit Card Payment,12059.62,,-6934970.57
2025-01-08,Fuel,1439.01,,-6936409.58
2025-01-06,Fuel,3849.74,,-6940259.32
2025-03-10,Insurance Premium,7956.65,,-6948215.97
2025-05-28,UPI to Zomato,6292.31,,-6954508.28
2025-01-09,SIP Investment,9093.13,,-6963601.41
2025-04-24,Insurance Premium,2996.05,,-6966597.46
2025-05-27,Insurance Premium,11449.69,,-6978047.15
2025-02-04,Medical Expense,14456.64,,-6992503.79
2025-02-12,UPI to Zomato,19146.24,,-7011650.03
2025-05-07,SIP Investment,11876.04,,-7023526.07
2025-03-11,SIP Investment,3078.17,,-7026604.24
2025-06-01,Medical Expense,3971.1,,-7030575.34
2025-04-14,Credit Card Payment,16502.92,,-7047078.26
2025-04-21,Fuel,8693.42,,-7055771.68
2025-06-23,Insurance Premium,17212.12,,-7072983.8
2025-05-25,Medical Expense,2418.95,,-7075402.75
2025-02-21,Amazon Purchase,16893.58,,-7092296.33
2025-03-20,Salary Credited,,5226.35,-7087069.98
2025-04-04,Credit Card Payment,9595.51,,-7096665.49
2025-03-31,Medical Expense,16682.37,,-7113347.86
2025-01-05,Credit Card Payment,14938.6,,-7128286.46
2025-06-16,Medical Expense,16525.48,,-7144811.94
2025-04-29,Salary Credited,,19819.25,-7124992.69
2025-02-22,Medical Expense,15414.93,,-7140407.62
2025-02-12,Flight Booking,14136.5,,-7154544.12
2025-04-12,Medical Expense,15879.75,,-7170423.87
2025-05-23,UPI to Zomato,2763.06,,-7173186.93
2025-03-06,Credit Card Payment,11891.6,,-7185078.53
2025-05-30,Electricity Bill,1546.7,,-7186625.23
2025-04-16,Electricity Bill,9263.78,,-7195889.01
2025-04-23,Electricity Bill,18154.19,,-7214043.2
2024-12-31,Electricity Bill,10816.24,,-7224859.44
2025-02-11,Fuel,18640.19,,-7243499.63
2025-02-08,Salary Credited,,10786.96,-7232712.67
2025-02-22,Electricity Bill,19331.75,,-7252044.42
2025-04-14,Electricity Bill,6364.78,,-7258409.2
2025-01-10,Fuel,6094.8,,-7264504.0
2025-01-29,SIP Investment,19695.23,,-7284199.23
2025-02-22,SIP Investment,10547.02,,-7294746.25
2025-06-03,Electricity Bill,3097.51,,-7297843.76
2025-04-04,Medical Expense,17266.04,,-7315109.8
2025-05-21,Amazon Purchase,3721.62,,-7318831.42
2025-05-09,Fuel,12638.54,,-7331469.96
2025-03-23,Medical Expense,5120.37,,-7336590.33
2025-05-14,Amazon Purchase,10787.55,,-7347377.88
2025-01-28,Salary Credited,,5446.73,-7341931.15
2025-02-24,SIP Investment,6748.62,,-7348679.77
2025-06-22,Flight Booking,1853.01,,-7350532.78
2025-05-06,Electricity Bill,17746.65,,-7368279.43
2025-02-23,Salary Credited,,11574.66,-7356704.77
2025-05-17,Electricity Bill,19986.81,,-7376691.58
2025-02-01,Credit Card Payment,9947.55,,-7386639.13
2025-01-11,Amazon Purchase,6361.22,,-7393000.35
2025-04-23,Fuel,8952.63,,-7401952.98
2025-02-02,Fuel,12083.41,,-7414036.39
2025-02-20,SIP Investment,10207.87,,-7424244.26
2025-03-26,Medical Expense,19603.57,,-7443847.83
2025-01-06,Credit Card Payment,12617.8,,-7456465.63
2025-02-09,Fuel,13163.2,,-7469628.83
2025-01-12,Flight Booking,5457.79,,-7475086.62
2025-01-07,Insurance Premium,12196.73,,-7487283.35
2025-03-10,Flight Booking,18411.17,,-7505694.52
2025-03-20,Medical Expense,10628.41,,-7516322.93
2024-12-25,SIP Investment,4533.73,,-7520856.66
2025-05-23,UPI to Zomato,4282.14,,-7525138.8
2025-06-14,Insurance Premium,9026.6,,-7534165.4
2025-02-08,Medical Expense,12013.34,,-7546178.74
2025-03-15,Flight Booking,18828.25,,-7565006.99
2025-02-14,Salary Credited,,18571.71,-7546435.28
2025-01-17,Amazon Purchase,14551.47,,-7560986.75
2025-03-06,Insurance Premium,6974.47,,-7567961.22
2025-06-17,SIP Investment,9033.92,,-7576995.14
2025-05-26,Electricity Bill,17565.97,,-7594561.11
2025-02-14,UPI to Zomato,19058.88,,-7613619.99
2025-01-28,Insurance Premium,12872.81,,-7626492.8
2025-05-23,Insurance Premium,18272.97,,-7644765.77
2025-05-19,UPI to Zomato,11115.6,,-7655881.37
2025-01-11,Insurance Premium,13835.75,,-7669717.12
2025-05-04,Salary Credited,,17076.93,-7652640.19
2025-02-03,Salary Credited,,5895.58,-7646744.61
2025-06-13,Credit Card Payment,1648.32,,-7648392.93
2025-06-08,Credit Card Payment,2951.05,,-7651343.98
2025-06-06,Fuel,14120.26,,-7665464.24
2025-05-13,Fuel,8648.72,,-7674112.96
2025-06-11,Amazon Purchase,16959.0,,-7691071.96
2025-02-13,SIP Investment,2593.52,,-7693665.48
2025-03-05,Insurance Premium,15027.56,,-7708693.04
2025-05-04,Medical Expense,11205.81,,-7719898.85
2025-03-09,Fuel,19587.29,,-7739486.14
2025-05-06,Fuel,8413.27,,-7747899.41
2025-03-31,Insurance Premium,11855.21,,-7759754.62
2024-12-31,Amazon Purchase,12273.55,,-7772028.17
2025-05-14,Medical Expense,9062.78,,-7781090.95
2025-03-28,SIP Investment,7796.22,,-7788887.17
2025-05-12,Electricity Bill,3797.42,,-7792684.59
2025-01-03,Fuel,10911.25,,-7803595.84
2025-05-04,UPI to Zomato,2199.23,,-7805795.07
2025-03-01,Insurance Premium,18737.0,,-7824532.07
2025-06-02,Amazon Purchase,3744.7,,-7828276.77
2025-03-06,Medical Expense,11001.61,,-7839278.38
2025-03-15,Salary Credited,,4892.3,-7834386.08
2025-04-13,Electricity Bill,19904.31,,-7854290.39
2025-02-01,Amazon Purchase,10845.97,,-7865136.36
2025-06-21,Medical Expense,5932.04,,-7871068.4
2025-05-03,Flight Booking,17695.56,,-7888763.96
2025-02-21,Amazon Purchase,7554.33,,-7896318.29
2025-05-12,Fuel,6135.31,,-7902453.6
2024-12-30,Amazon Purchase,18755.31,,-7921208.91
2025-01-13,UPI to Zomato,506.2,,-7921715.11
2025-06-01,SIP Investment,14577.55,,-7936292.66
2025-01-23,UPI to Zomato,11167.85,,-7947460.51
2025-04-22,SIP Investment,9595.39,,-7957055.9
2025-03-07,SIP Investment,19179.15,,-7976235.05
2025-02-05,Salary Credited,,12045.35,-7964189.7
2025-06-24,Fuel,17604.59,,-7981794.29
2025-03-26,Flight Booking,2373.97,,-7984168.26
2025-05-25,Medical Expense,14440.78,,-7998609.04
2025-04-13,Credit Card Payment,17398.66,,-8016007.7
2025-03-08,Electricity Bill,12369.58,,-8028377.28
2025-06-09,SIP Investment,1562.56,,-8029939.84
2025-05-07,SIP Investment,14934.66,,-8044874.5
2025-02-04,Amazon Purchase,17917.45,,-8062791.95
2025-01-14,Amazon Purchase,19999.48,,-8082791.43
2025-01-21,Amazon Purchase,17984.98,,-8100776.41
2025-02-05,Medical Expense,12525.06,,-8113301.47
2025-01-10,SIP Investment,8830.78,,-8122132.25
2025-02-12,Amazon Purchase,14447.19,,-8136579.44
2025-05-12,Credit Card Payment,3715.22,,-8140294.66
2025-03-08,Salary Credited,,615.31,-8139679.35
2025-05-22,Medical Expense,9709.76,,-8149389.11
2025-02-26,Credit Card Payment,8336.45,,-8157725.56
2025-06-09,Fuel,8819.2,,-8166544.76
2025-01-14,UPI to Zomato,15744.52,,-8182289.28
2025-02-10,Medical Expense,9285.79,,-8191575.07
2025-02-06,Fuel,17552.73,,-8209127.8
2025-02-15,SIP Investment,8529.65,,-8217657.45
2025-03-13,SIP Investment,3439.61,,-8221097.06
2025-04-08,Credit Card Payment,14991.66,,-8236088.72
2025-01-17,Fuel,12800.75,,-8248889.47
2025-01-10,Amazon Purchase,13680.68,,-8262570.15
2025-05-02,Flight Booking,15481.43,,-8278051.58
2025-02-17,Salary Credited,,4691.57,-8273360.01
2025-03-27,Amazon Purchase,1734.1,,-8275094.11
2025-04-30,Fuel,15980.96,,-8291075.07
2025-04-24,Credit Card Payment,1581.31,,-8292656.38
2025-04-21,Electricity Bill,9334.6,,-8301990.98
2025-05-07,Flight Booking,8264.24,,-8310255.22
2025-06-09,Medical Expense,11155.97,,-8321411.19
2025-01-05,UPI to Zomato,5173.54,,-8326584.73
2025-04-11,SIP Investment,5752.19,,-8332336.92
2025-05-20,Salary Credited,,1841.26,-8330495.66
2025-05-02,Amazon Purchase,1814.12,,-8332309.78
2025-05-01,UPI to Zomato,8624.02,,-8340933.8
2025-03-28,SIP Investment,13276.54,,-8354210.34
2025-01-08,Fuel,11587.1,,-8365797.44
2025-04-04,Medical Expense,17046.35,,-8382843.79
2025-05-21,Flight Booking,4286.92,,-8387130.71
2025-02-08,Insurance Premium,7926.81,,-8395057.52
2025-02-21,SIP Investment,15305.54,,-8410363.06
2025-06-23,Electricity Bill,8992.28,,-8419355.34
2025-02-16,Flight Booking,4819.3,,-8424174.64
2025-02-26,Salary Credited,,17541.46,-8406633.18
2025-06-20,Fuel,9451.34,,-8416084.52
2025-03-06,Salary Credited,,8912.81,-8407171.71
2024-12-31,Fuel,7631.11,,-8414802.82
2025-02-19,Salary Credited,,13171.29,-8401631.53
2025-04-23,Medical Expense,10039.69,,-8411671.22
2025-05-12,Medical Expense,8989.4,,-8420660.62
2024-12-29,Electricity Bill,13869.27,,-8434529.89
2025-01-25,UPI to Zomato,15049.99,,-8449579.88
2025-01-06,Flight Booking,8760.12,,-8458340.0
2025-06-03,Medical Expense,3902.08,,-8462242.08
2025-04-15,Electricity Bill,5311.71,,-8467553.79
2025-05-09,Amazon Purchase,17648.91,,-8485202.7
2024-12-31,Fuel,4597.41,,-8489800.11
2025-01-05,Credit Card Payment,8469.03,,-8498269.14
2025-06-04,Medical Expense,16139.41,,-8514408.55
2025-04-28,Electricity Bill,1170.29,,-8515578.84
2025-02-03,Fuel,7333.87,,-8522912.71
2025-04-29,Flight Booking,4952.96,,-8527865.67
2024-12-28,Fuel,13729.49,,-8541595.16
2025-01-02,SIP Investment,6870.39,,-8548465.55
2025-03-26,SIP Investment,8222.89,,-8556688.44
2024-12-30,Flight Booking,18034.21,,-8574722.65
2025-06-10,Medical Expense,566.38,,-8575289.03
2025-04-07,SIP Investment,7437.08,,-8582726.11
2025-01-14,UPI to Zomato,15581.99,,-8598308.1
2025-01-14,Fuel,5537.51,,-8603845.61
2025-02-28,Salary Credited,,9598.08,-8594247.53
2025-05-22,Electricity Bill,17051.77,,-8611299.3
2025-04-06,Salary Credited,,15408.64,-8595890.66
2025-04-17,UPI to Zomato,15638.51,,-8611529.17
2025-05-31,Insurance Premium,6208.13,,-8617737.3
2024-12-27,Flight Booking,17049.72,,-8634787.02
2025-06-23,Flight Booking,3197.98,,-8637985.0
2025-05-11,Insurance Premium,13320.35,,-8651305.35
2025-05-04,Amazon Purchase,13440.06,,-8664745.41
2025-03-22,Flight Booking,6645.98,,-8671391.39
2025-01-03,Fuel,11145.01,,-8682536.4
2025-01-28,Insurance Premium,2196.83,,-8684733.23
2025-02-08,SIP Investment,14075.07,,-8698808.3
2025-06-21,Fuel,17517.36,,-8716325.66
2025-04-08,Amazon Purchase,3734.13,,-8720059.79
2025-04-02,Amazon Purchase,11975.91,,-8732035.7
2025-01-02,Electricity Bill,17287.43,,-8749323.13
2025-02-25,Electricity Bill,18041.01,,-8767364.14
2025-02-25,Insurance Premium,18172.2,,-8785536.34
2025-05-14,Fuel,3779.58,,-8789315.92
2024-12-29,Amazon Purchase,15925.6,,-8805241.52
2025-04-06,Amazon Purchase,5650.18,,-8810891.7
2025-02-06,SIP Investment,7058.31,,-8817950.01
2025-03-03,Salary Credited,,17458.83,-8800491.18
2025-05-06,SIP Investment,7448.87,,-8807940.05
2025-03-26,Medical Expense,19149.71,,-8827089.76
2025-01-02,Flight Booking,6303.69,,-8833393.45
2025-03-10,Electricity Bill,5964.27,,-8839357.72
2025-06-14,Flight Booking,5641.01,,-8844998.73
2025-05-14,SIP Investment,4767.99,,-8849766.72
2025-06-21,UPI to Zomato,3394.23,,-8853160.95
2025-06-08,Flight Booking,18649.27,,-8871810.22
2025-01-06,Salary Credited,,1464.48,-8870345.74
2025-03-20,Fuel,17525.9,,-8887871.64
2025-06-01,Medical Expense,10874.56,,-8898746.2
2025-01-05,SIP Investment,18827.59,,-8917573.79
2025-05-17,SIP Investment,19412.63,,-8936986.42
2025-01-26,Electricity Bill,15160.37,,-8952146.79
2025-02-02,UPI to Zomato,3868.76,,-8956015.55
2025-02-05,Credit Card Payment,11723.86,,-8967739.41
2024-12-29,Salary Credited,,9090.27,-8958649.14
2025-05-21,Flight Booking,8743.17,,-8967392.31
2025-02-22,Insurance Premium,15659.69,,-8983052.0
2025-03-07,Electricity Bill,12908.32,,-8995960.32
2025-04-24,Salary Credited,,5839.37,-8990120.95
2025-04-06,Insurance Premium,10906.85,,-9001027.8
2025-03-26,Insurance Premium,17870.87,,-9018898.67
2025-06-05,UPI to Zomato,11154.17,,-9030052.84
2025-01-03,Credit Card Payment,19920.85,,-9049973.69
2025-05-02,Insurance Premium,19492.63,,-9069466.32
2025-02-23,SIP Investment,17446.11,,-9086912.43
2025-01-22,UPI to Zomato,5201.43,,-9092113.86
2025-01-20,Salary Credited,,3381.64,-9088732.22
2025-06-22,Credit Card Payment,7537.5,,-9096269.72
2025-01-04,SIP Investment,3694.52,,-9099964.24
2025-05-02,UPI to Zomato,12006.12,,-9111970.36
2025-02-16,SIP Investment,9442.5,,-9121412.86
2025-02-01,Electricity Bill,16767.42,,-9138180.28
2024-12-29,UPI to Zomato,10494.14,,-9148674.42
2025-03-05,Fuel,8792.79,,-9157467.21
2025-06-08,Fuel,4560.92,,-9162028.13
2025-04-17,Amazon Purchase,9502.75,,-9171530.88
2025-04-29,Salary Credited,,8569.74,-9162961.14
2025-03-14,Salary Credited,,6905.73,-9156055.41
2025-03-11,SIP Investment,11470.96,,-9167526.37
2025-01-14,Medical Expense,13239.89,,-9180766.26
2025-01-24,Amazon Purchase,13418.83,,-9194185.09
2025-02-17,Amazon Purchase,15945.61,,-9210130.7
2025-05-14,Credit Card Payment,6590.7,,-9216721.4
2025-06-23,Amazon Purchase,4360.12,,-9221081.52
2025-01-24,Amazon Purchase,7982.95,,-9229064.47
2025-05-17,Electricity Bill,6251.7,,-9235316.17
2025-01-13,Flight Booking,17786.63,,-9253102.8
2025-03-07,Insurance Premium,10274.2,,-9263377.0
2025-02-24,Medical Expense,2522.82,,-9265899.82
2025-06-11,SIP Investment,9192.01,,-9275091.83
2025-04-20,Fuel,4731.42,,-9279823.25
2025-04-21,Amazon Purchase,18615.34,,-9298438.59
2025-03-20,Flight Booking,757.09,,-9299195.68
2025-05-19,Medical Expense,3416.11,,-9302611.79
2025-01-05,Credit Card Payment,3669.33,,-9306281.12
2025-03-29,Fuel,10470.32,,-9316751.44
2025-06-15,Electricity Bill,3045.56,,-9319797.0
2025-02-15,UPI to Zomato,14019.99,,-9333816.99
2025-06-12,Fuel,4498.65,,-9338315.64
2025-02-07,Credit Card Payment,2975.12,,-9341290.76
2025-04-27,Fuel,7031.65,,-9348322.41
2025-02-17,Credit Card Payment,18035.0,,-9366357.41
2025-05-14,Amazon Purchase,10051.43,,-9376408.84
2025-06-07,Credit Card Payment,17695.96,,-9394104.8
2025-01-16,Amazon Purchase,10718.87,,-9404823.67
2025-06-19,Credit Card Payment,2603.86,,-9407427.53
2025-01-16,Salary Credited,,2296.46,-9405131.07
2025-03-21,Fuel,18303.89,,-9423434.96
2025-04-02,Salary Credited,,4894.41,-9418540.55
2025-01-03,Salary Credited,,19437.34,-9399103.21
2025-02-11,Flight Booking,5151.97,,-9404255.18
2025-02-02,Fuel,12502.43,,-9416757.61
2025-06-13,Flight Booking,8926.69,,-9425684.3
2025-05-14,Credit Card Payment,3274.66,,-9428958.96
2025-06-20,Flight Booking,5303.39,,-9434262.35
2025-05-20,Electricity Bill,16100.84,,-9450363.19
2025-01-06,UPI to Zomato,19564.55,,-9469927.74
2025-04-17,Electricity Bill,9772.63,,-9479700.37
2025-03-14,Salary Credited,,18820.7,-9460879.67
2025-03-02,SIP Investment,5580.43,,-9466460.1
2025-06-13,UPI to Zomato,12669.72,,-9479129.82
2025-03-09,Electricity Bill,1724.35,,-9480854.17
2025-05-31,Electricity Bill,10525.79,,-9491379.96
2025-01-15,Medical Expense,18107.43,,-9509487.39
2025-06-15,Flight Booking,1554.96,,-9511042.35
2025-03-29,Medical Expense,14978.63,,-9526020.98
2025-05-08,SIP Investment,8756.95,,-9534777.93
2025-06-16,Insurance Premium,7248.46,,-9542026.39
2025-05-25,Salary Credited,,3547.2,-9538479.19
2025-01-22,SIP Investment,1577.39,,-9540056.58
2025-03-16,SIP Investment,13514.55,,-9553571.13
2025-06-12,SIP Investment,10085.29,,-9563656.42
2025-03-04,Fuel,12187.9,,-9575844.32
2025-04-05,Fuel,9255.68,,-9585100.0
2025-04-07,SIP Investment,17101.82,,-9602201.82
2025-01-16,Medical Expense,19187.55,,-9621389.37
2025-04-22,SIP Investment,8370.19,,-9629759.56
2025-06-16,Electricity Bill,9053.95,,-9638813.51
2025-04-10,Amazon Purchase,5914.24,,-9644727.75
2025-04-03,Flight Booking,2693.4,,-9647421.15
2025-02-28,Electricity Bill,960.84,,-9648381.99
2025-04-30,Fuel,9089.7,,-9657471.69
2025-04-16,Amazon Purchase,11318.4,,-9668790.09
2025-02-28,Fuel,10031.46,,-9678821.55
2024-12-28,Amazon Purchase,13506.69,,-9692328.24
2025-04-01,UPI to Zomato,10739.11,,-9703067.35
2025-02-11,Insurance Premium,6143.03,,-9709210.38
2024-12-27,Salary Credited,,3282.67,-9705927.71
2025-01-10,Amazon Purchase,9513.31,,-9715441.02
2025-03-07,Insurance Premium,2100.78,,-9717541.8
2025-03-14,Fuel,9976.42,,-9727518.22
2025-06-03,Fuel,19137.25,,-9746655.47
2025-05-21,Credit Card Payment,15421.61,,-9762077.08
2025-01-07,Salary Credited,,19636.91,-9742440.17
2025-06-01,Salary Credited,,2278.84,-9740161.33
2025-06-06,Insurance Premium,12383.8,,-9752545.13
2025-06-05,Fuel,9755.33,,-9762300.46
2025-03-16,Electricity Bill,9122.17,,-9771422.63
2025-02-23,Electricity Bill,11055.54,,-9782478.17
2025-02-03,Insurance Premium,10885.36,,-9793363.53
2025-01-03,UPI to Zomato,6239.64,,-9799603.17
2025-02-18,Amazon Purchase,17595.35,,-9817198.52
2025-03-03,Amazon Purchase,16863.23,,-9834061.75
2025-01-28,Insurance Premium,18672.24,,-9852733.99
2025-01-08,SIP Investment,8164.29,,-9860898.28
2025-06-13,Insurance Premium,15050.27,,-9875948.55
2025-04-11,Flight Booking,3642.17,,-9879590.72
2025-01-11,Fuel,1428.36,,-9881019.08
2025-01-03,Salary Credited,,12325.43,-9868693.65
2025-06-12,SIP Investment,2292.33,,-9870985.98
2025-04-25,Fuel,5033.07,,-9876019.05
2025-04-26,Medical Expense,1271.3,,-9877290.35
2025-05-13,Flight Booking,13899.19,,-9891189.54
2025-04-14,Medical Expense,17574.55,,-9908764.09
2025-02-17,Amazon Purchase,14927.58,,-9923691.67
2025-06-22,Electricity Bill,17989.0,,-9941680.67
2025-05-31,Insurance Premium,2941.76,,-9944622.43
2025-04-16,UPI to Zomato,16129.48,,-9960751.91
2025-06-17,Salary Credited,,4030.55,-9956721.36
2025-05-01,Flight Booking,5556.88,,-9962278.24
2025-05-27,Fuel,11452.39,,-9973730.63
2025-03-01,Credit Card Payment,3669.39,,-9977400.02
2024-12-30,Medical Expense,8784.84,,-9986184.86
2025-03-04,Salary Credited,,10228.0,-9975956.86
2025-01-29,Medical Expense,5774.12,,-9981730.98
2025-06-04,SIP Investment,18296.91,,-10000027.89
2025-02-01,Credit Card Payment,8198.64,,-10008226.53
2025-04-20,Salary Credited,,9381.4,-9998845.13
2025-03-05,Insurance Premium,8504.08,,-10007349.21
2025-04-01,Medical Expense,6971.9,,-10014321.11
2025-06-05,Electricity Bill,14950.22,,-10029271.33
2025-04-24,SIP Investment,4466.84,,-10033738.17
2025-03-17,Insurance Premium,5615.09,,-10039353.26
2025-05-16,UPI to Zomato,12931.61,,-10052284.87
2025-05-09,Fuel,7809.55,,-10060094.42
2025-05-24,Electricity Bill,17737.72,,-10077832.14
2025-04-10,UPI to Zomato,14248.74,,-10092080.88
2025-03-07,Medical Expense,10732.75,,-10102813.63
2025-04-21,Credit Card Payment,18966.85,,-10121780.48
2025-01-16,Credit Card Payment,2865.99,,-10124646.47
2025-03-16,Medical Expense,13505.47,,-10138151.94
2025-02-23,Salary Credited,,11218.91,-10126933.03
2025-05-16,SIP Investment,7217.63,,-10134150.66
2025-01-03,Fuel,16339.16,,-10150489.82
2025-06-08,Credit Card Payment,7909.33,,-10158399.15
2025-06-25,Amazon Purchase,6621.99,,-10165021.14
2025-02-18,Amazon Purchase,6826.34,,-10171847.48
2025-06-04,Salary Credited,,19758.17,-10152089.31
2025-04-22,UPI to Zomato,15971.9,,-10168061.21
2025-06-06,Electricity Bill,15777.65,,-10183838.86
2025-04-16,Salary Credited,,9955.33,-10173883.53
2025-06-01,Flight Booking,12860.38,,-10186743.91
2025-05-01,Flight Booking,13271.6,,-10200015.51
2025-03-05,UPI to Zomato,2596.1,,-10202611.61
2025-06-04,Medical Expense,17766.95,,-10220378.56
2025-04-29,Electricity Bill,14263.4,,-10234641.96
2025-02-28,SIP Investment,15768.5,,-10250410.46
2025-05-17,Medical Expense,17254.25,,-10267664.71
2025-05-05,SIP Investment,15411.36,,-10283076.07
2025-01-03,Electricity Bill,14267.65,,-10297343.72
2025-01-03,Amazon Purchase,783.09,,-10298126.81
2025-06-05,Credit Card Payment,16853.69,,-10314980.5
2025-06-09,UPI to Zomato,17948.62,,-10332929.12
2025-03-03,UPI to Zomato,16079.38,,-10349008.5
2025-06-15,Flight Booking,6051.22,,-10355059.72
2025-06-02,Flight Booking,15102.26,,-10370161.98
2025-01-19,Electricity Bill,7124.03,,-10377286.01
2025-02-08,Flight Booking,11285.68,,-10388571.69
2025-06-22,Medical Expense,10728.36,,-10399300.05
2025-06-03,Medical Expense,19098.17,,-10418398.22
2025-06-01,UPI to Zomato,17917.63,,-10436315.85
2025-06-15,Salary Credited,,3355.22,-10432960.63
2025-05-11,Credit Card Payment,17164.61,,-10450125.24
2025-01-29,SIP Investment,19374.74,,-10469499.98
2025-03-21,UPI to Zomato,9146.0,,-10478645.98
2024-12-26,Insurance Premium,8442.18,,-10487088.16
2025-05-20,Electricity Bill,9894.87,,-10496983.03
2025-01-24,Electricity Bill,14636.22,,-10511619.25
2025-06-04,Amazon Purchase,4808.89,,-10516428.14
2025-04-15,Amazon Purchase,16999.43,,-10533427.57
2025-01-15,Electricity Bill,15906.26,,-10549333.83
2025-05-07,Medical Expense,9648.06,,-10558981.89
2025-01-18,Credit Card Payment,6010.57,,-10564992.46
2025-04-19,Medical Expense,13191.17,,-10578183.63
2025-01-27,Fuel,9140.08,,-10587323.71
2025-03-16,Electricity Bill,6261.66,,-10593585.37
2025-01-27,Fuel,11870.11,,-10605455.48
2025-02-04,Flight Booking,17777.73,,-10623233.21
2025-05-17,Credit Card Payment,9369.02,,-10632602.23
2025-03-16,Fuel,12089.35,,-10644691.58
2025-05-28,SIP Investment,5696.36,,-10650387.94
2025-05-24,Medical Expense,19545.96,,-10669933.9
2025-01-11,Flight Booking,8813.14,,-10678747.04
2025-01-22,Flight Booking,13355.67,,-10692102.71
2025-04-12,Insurance Premium,12704.83,,-10704807.54
2025-04-14,Electricity Bill,3435.22,,-10708242.76
2025-06-07,Salary Credited,,1416.39,-10706826.37
2025-02-16,Electricity Bill,18925.59,,-10725751.96
2025-03-23,SIP Investment,17460.0,,-10743211.96
2025-02-19,Credit Card Payment,19940.77,,-10763152.73
2025-05-14,Fuel,12328.54,,-10775481.27
2025-04-29,UPI to Zomato,17348.54,,-10792829.81
2025-01-08,SIP Investment,9533.21,,-10802363.02
2025-01-14,Fuel,18464.52,,-10820827.54
2024-12-25,Insurance Premium,10160.54,,-10830988.08
2025-05-20,Credit Card Payment,9877.54,,-10840865.62
2025-02-24,Amazon Purchase,5026.86,,-10845892.48
2025-02-03,SIP Investment,8744.75,,-10854637.23
2025-05-19,UPI to Zomato,14910.99,,-10869548.22
2025-05-28,Fuel,4974.49,,-10874522.71
2024-12-27,Salary Credited,,2334.12,-10872188.59
2025-04-16,Medical Expense,18950.38,,-10891138.97
2025-05-15,Insurance Premium,8361.82,,-10899500.79
2025-03-14,SIP Investment,5637.84,,-10905138.63
2025-05-16,Amazon Purchase,5538.96,,-10910677.59
2025-03-13,Amazon Purchase,8465.19,,-10919142.78
2025-01-31,Medical Expense,4071.73,,-10923214.51
2025-06-11,Insurance Premium,17047.09,,-10940261.6
2025-01-19,Credit Card Payment,9507.96,,-10949769.56
2025-05-26,Salary Credited,,6263.55,-10943506.01
2025-01-19,Salary Credited,,11694.02,-10931811.99
2025-04-13,Electricity Bill,5765.36,,-10937577.35
2025-01-26,Electricity Bill,18461.38,,-10956038.73
2025-01-14,Credit Card Payment,4287.31,,-10960326.04
2025-06-23,SIP Investment,8050.75,,-10968376.79
2025-05-14,Medical Expense,13422.22,,-10981799.01
2025-06-25,UPI to Zomato,6353.76,,-10988152.77
2025-04-07,Electricity Bill,9366.18,,-10997518.95
2025-03-22,Electricity Bill,3681.72,,-11001200.67
2025-04-30,Flight Booking,15515.12,,-11016715.79
2025-03-07,Flight Booking,13348.6,,-11030064.39
2025-04-22,Insurance Premium,9369.41,,-11039433.8
2025-03-17,Flight Booking,5867.53,,-11045301.33
2025-06-16,Amazon Purchase,12640.63,,-11057941.96
2025-01-28,Salary Credited,,2278.79,-11055663.17
2025-05-25,Amazon Purchase,12853.3,,-11068516.47
2025-04-15,Electricity Bill,6959.77,,-11075476.24
2025-06-11,Credit Card Payment,8422.76,,-11083899.0
2025-05-30,UPI to Zomato,13320.46,,-11097219.46
2025-03-24,Fuel,10051.93,,-11107271.39
2025-05-23,Salary Credited,,12348.39,-11094923.0
2025-04-05,UPI to Zomato,3689.09,,-11098612.09
2025-03-26,Credit Card Payment,5394.18,,-11104006.27
2025-04-28,Electricity Bill,16591.17,,-11120597.44
2025-02-06,Salary Credited,,15326.01,-11105271.43
2025-04-01,Credit Card Payment,3010.99,,-11108282.42
2025-05-01,Medical Expense,10581.15,,-11118863.57
2025-05-27,Insurance Premium,4924.54,,-11123788.11
2025-03-22,SIP Investment,3345.31,,-11127133.42
2025-03-07,Credit Card Payment,1604.82,,-11128738.24
2025-02-26,SIP Investment,15977.07,,-11144715.31
2025-06-22,Flight Booking,1110.01,,-11145825.32
2025-05-07,UPI to Zomato,1073.52,,-11146898.84
2025-02-05,Amazon Purchase,16276.76,,-11163175.6
2025-02-11,Fuel,14806.63,,-11177982.23
2025-03-27,Salary Credited,,13323.47,-11164658.76
2025-06-17,Salary Credited,,19241.99,-11145416.77
2025-06-17,Electricity Bill,11030.32,,-11156447.09
2025-06-11,UPI to Zomato,5995.67,,-11162442.76
2025-03-07,Credit Card Payment,17320.28,,-11179763.04
2025-05-16,SIP Investment,13668.96,,-11193432.0
2025-03-23,Electricity Bill,19413.14,,-11212845.14
2025-04-06,Flight Booking,7314.41,,-11220159.55
2025-03-22,Credit Card Payment,7711.3,,-11227870.85
2025-02-04,Amazon Purchase,17846.13,,-11245716.98
2025-06-18,Credit Card Payment,1013.9,,-11246730.88
2025-05-29,Electricity Bill,14387.41,,-11261118.29
2025-02-10,Insurance Premium,2615.03,,-11263733.32
2025-02-21,Insurance Premium,15941.19,,-11279674.51
2025-06-11,Salary Credited,,13391.75,-11266282.76
2025-01-26,Amazon Purchase,10151.35,,-11276434.11
2025-02-13,Amazon Purchase,3677.27,,-11280111.38
2025-01-28,Amazon Purchase,7195.15,,-11287306.53
2025-02-16,Credit Card Payment,16831.24,,-11304137.77
2025-05-29,UPI to Zomato,18117.21,,-11322254.98
2025-05-27,SIP Investment,736.22,,-11322991.2
2025-01-13,Flight Booking,4486.66,,-11327477.86
2025-05-10,Flight Booking,7404.11,,-11334881.97
2025-01-16,Insurance Premium,10189.75,,-11345071.72
2025-04-22,Electricity Bill,2646.11,,-11347717.83
2025-01-19,Flight Booking,15706.94,,-11363424.77
2025-03-24,SIP Investment,19532.24,,-11382957.01
2025-02-05,Amazon Purchase,17765.17,,-11400722.18
2025-04-09,Credit Card Payment,13502.42,,-11414224.6
2025-03-27,Flight Booking,18356.74,,-11432581.34
2025-06-25,Insurance Premium,17918.92,,-11450500.26
2025-02-28,SIP Investment,2400.61,,-11452900.87
2025-05-23,Salary Credited,,12462.64,-11440438.23
2025-02-20,Credit Card Payment,12994.5,,-11453432.73
2025-04-04,Credit Card Payment,17313.32,,-11470746.05
2025-05-02,Salary Credited,,19740.42,-11451005.63
2025-01-26,Salary Credited,,4593.87,-11446411.76
2025-04-15,Electricity Bill,12955.89,,-11459367.65
2025-02-27,UPI to Zomato,7196.13,,-11466563.78
2025-04-28,Insurance Premium,18957.67,,-11485521.45
2025-01-12,Insurance Premium,14438.41,,-11499959.86
2025-02-19,Credit Card Payment,5460.76,,-11505420.62
2025-02-22,Fuel,5297.97,,-11510718.59
2025-02-20,Amazon Purchase,12333.52,,-11523052.11
2025-03-04,Salary Credited,,15452.8,-11507599.31
2025-05-20,Electricity Bill,7349.21,,-11514948.52
2025-02-27,Fuel,6866.14,,-11521814.66
2025-03-18,Insurance Premium,7011.64,,-11528826.3
2025-05-09,Medical Expense,15775.44,,-11544601.74
2025-06-05,Insurance Premium,3723.75,,-11548325.49
2025-04-07,Medical Expense,2271.1,,-11550596.59
2025-06-20,Salary Credited,,14723.98,-11535872.61
2025-05-11,Electricity Bill,17004.4,,-11552877.01
2025-03-27,Insurance Premium,14906.86,,-11567783.87
2025-02-14,Flight Booking,18230.2,,-11586014.07
2025-01-24,UPI to Zomato,4636.06,,-11590650.13
2025-02-01,Salary Credited,,708.01,-11589942.12
2025-04-02,SIP Investment,19742.83,,-11609684.95
2025-04-18,Amazon Purchase,1487.94,,-11611172.89
2024-12-29,Insurance Premium,7226.53,,-11618399.42
2025-05-24,Electricity Bill,11999.56,,-11630398.98
2025-06-18,SIP Investment,2135.08,,-11632534.06
2025-01-03,Insurance Premium,17282.82,,-11649816.88
2024-12-30,Electricity Bill,6239.82,,-11656056.7
2025-05-06,Insurance Premium,11019.24,,-11667075.94
2024-12-31,Flight Booking,7875.59,,-11674951.53
2025-05-22,UPI to Zomato,1939.28,,-11676890.81
2025-06-20,Insurance Premium,7786.72,,-11684677.53
2025-04-21,Salary Credited,,11626.14,-11673051.39
2025-04-26,Credit Card Payment,1166.69,,-11674218.08
2024-12-27,Salary Credited,,11036.9,-11663181.18
2025-05-26,Medical Expense,5296.97,,-11668478.15
2025-06-22,Salary Credited,,18661.39,-11649816.76
2025-04-14,UPI to Zomato,4851.51,,-11654668.27
2025-03-22,Salary Credited,,14572.16,-11640096.11
2025-05-18,Credit Card Payment,2646.25,,-11642742.36
2025-04-23,Electricity Bill,18569.72,,-11661312.08
2025-03-03,Electricity Bill,958.71,,-11662270.79
2025-03-04,UPI to Zomato,10369.32,,-11672640.11
2025-03-25,Electricity Bill,10742.32,,-11683382.43
2025-04-15,Credit Card Payment,17407.09,,-11700789.52
2025-04-17,Credit Card Payment,3370.69,,-11704160.21
2025-02-09,Insurance Premium,7457.65,,-11711617.86
2025-05-22,Insurance Premium,9395.72,,-11721013.58
2025-04-26,Flight Booking,4421.76,,-11725435.34
2025-01-04,Flight Booking,11693.87,,-11737129.21
2025-01-16,Credit Card Payment,15490.51,,-11752619.72
2025-05-09,Flight Booking,19401.92,,-11772021.64
2025-02-03,UPI to Zomato,15172.19,,-11787193.83
2025-02-05,Amazon Purchase,17482.41,,-11804676.24
2025-01-23,Amazon Purchase,8769.9,,-11813446.14
2025-02-11,Credit Card Payment,11803.11,,-11825249.25
2025-03-11,Flight Booking,6752.51,,-11832001.76
2025-04-15,UPI to Zomato,6413.42,,-11838415.18
2025-03-14,Electricity Bill,3659.87,,-11842075.05
2025-05-22,Salary Credited,,5886.31,-11836188.74
2025-06-03,Insurance Premium,3339.37,,-11839528.11
2025-03-23,Flight Booking,1002.05,,-11840530.16
2025-01-19,Salary Credited,,18561.14,-11821969.02
2025-03-29,Flight Booking,1640.79,,-11823609.81
2025-04-21,Flight Booking,9531.72,,-11833141.53
2025-04-16,Amazon Purchase,19313.61,,-11852455.14
2025-02-24,Insurance Premium,19339.17,,-11871794.31
2025-03-22,Medical Expense,12223.88,,-11884018.19
2025-04-22,Credit Card Payment,13690.52,,-11897708.71
2025-04-08,UPI to Zomato,519.67,,-11898228.38
2025-05-27,Credit Card Payment,15299.02,,-11913527.4
2025-01-08,Medical Expense,12382.06,,-11925909.46
2025-02-28,Fuel,5305.63,,-11931215.09
2025-05-30,Flight Booking,1812.74,,-11933027.83
2025-03-04,Insurance Premium,13201.84,,-11946229.67
2025-05-28,Credit Card Payment,1683.84,,-11947913.51
2025-05-08,Amazon Purchase,873.53,,-11948787.04
2025-02-17,Insurance Premium,4164.01,,-11952951.05
2025-04-16,Medical Expense,5070.97,,-11958022.02
2025-05-12,UPI to Zomato,18492.84,,-11976514.86
2025-04-20,Fuel,1512.2,,-11978027.06
2025-02-22,Flight Booking,4046.56,,-11982073.62
2025-02-24,Credit Card Payment,8707.96,,-11990781.58
2025-04-06,Insurance Premium,16494.76,,-12007276.34
2025-05-26,Insurance Premium,12559.1,,-12019835.44
2025-03-06,SIP Investment,8782.14,,-12028617.58
2025-05-16,SIP Investment,1222.96,,-12029840.54
2025-05-16,Fuel,13386.17,,-12043226.71
2025-05-23,Insurance Premium,17068.21,,-12060294.92
2024-12-30,Credit Card Payment,5842.96,,-12066137.88
2025-04-09,Salary Credited,,19129.48,-12047008.4
2025-06-13,Flight Booking,6903.51,,-12053911.91
2025-01-21,Salary Credited,,14534.35,-12039377.56
2025-06-24,Fuel,514.56,,-12039892.12
2025-02-05,Flight Booking,6517.9,,-12046410.02
2025-03-08,Credit Card Payment,12312.87,,-12058722.89
2025-06-24,Credit Card Payment,19698.14,,-12078421.03
2025-01-30,Fuel,4543.37,,-12082964.4
2025-01-28,Electricity Bill,17896.09,,-12100860.49
2025-02-07,Electricity Bill,3275.11,,-12104135.6
2025-05-05,Credit Card Payment,3130.33,,-12107265.93
2025-03-17,SIP Investment,12348.76,,-12119614.69
2025-06-11,Amazon Purchase,17095.67,,-12136710.36
2025-06-10,Medical Expense,11608.24,,-12148318.6
2025-01-03,Amazon Purchase,6997.98,,-12155316.58
2025-02-25,Electricity Bill,14070.41,,-12169386.99
2025-04-25,Salary Credited,,3574.5,-12165812.49
2025-05-16,Medical Expense,18477.53,,-12184290.02
2025-01-26,Credit Card Payment,11149.91,,-12195439.93
2025-06-07,Flight Booking,16701.03,,-12212140.96
2025-01-05,UPI to Zomato,16950.54,,-12229091.5
2025-02-21,Credit Card Payment,4827.07,,-12233918.57
2025-05-04,UPI to Zomato,11206.72,,-12245125.29
2025-04-08,Electricity Bill,11328.06,,-12256453.35
2025-06-11,Medical Expense,12859.88,,-12269313.23
2025-06-07,SIP Investment,17836.2,,-12287149.43
2025-05-22,Fuel,4619.33,,-12291768.76
2025-06-17,Insurance Premium,10798.02,,-12302566.78
2025-04-21,SIP Investment,9047.37,,-12311614.15
2025-06-08,UPI to Zomato,17641.72,,-12329255.87
2025-01-02,Medical Expense,1622.75,,-12330878.62
2025-02-21,Insurance Premium,7842.35,,-12338720.97
2025-06-12,Flight Booking,10505.56,,-12349226.53
2025-03-12,Credit Card Payment,15248.23,,-12364474.76
2025-03-20,Amazon Purchase,3857.15,,-12368331.91
2025-01-18,Insurance Premium,19276.85,,-12387608.76
2025-03-16,UPI to Zomato,3561.74,,-12391170.5
2025-03-04,Electricity Bill,12368.23,,-12403538.73
2025-05-10,Fuel,12751.68,,-12416290.41
2025-05-13,SIP Investment,4941.48,,-12421231.89
2024-12-26,Salary Credited,,11533.87,-12409698.02
2025-04-30,SIP Investment,5321.27,,-12415019.29
2025-03-03,UPI to Zomato,1035.84,,-12416055.13
2025-01-21,Credit Card Payment,12559.81,,-12428614.94
2024-12-27,Fuel,11155.25,,-12439770.19
2025-06-06,Fuel,716.17,,-12440486.36
2025-02-21,Medical Expense,6141.66,,-12446628.02
2025-04-16,Fuel,11820.31,,-12458448.33
2025-02-10,Salary Credited,,18503.66,-12439944.67
2025-01-10,UPI to Zomato,19223.79,,-12459168.46
2025-06-20,UPI to Zomato,19417.53,,-12478585.99
2025-03-28,Insurance Premium,797.52,,-12479383.51
2025-01-13,Fuel,12236.6,,-12491620.11
2025-06-18,Flight Booking,19147.95,,-12510768.06
2025-06-14,SIP Investment,6282.71,,-12517050.77
2025-04-02,Credit Card Payment,10301.34,,-12527352.11
2025-04-07,Credit Card Payment,14430.97,,-12541783.08
2025-02-09,Salary Credited,,2769.31,-12539013.77
2025-06-09,Electricity Bill,545.41,,-12539559.18
2025-04-02,Medical Expense,1590.86,,-12541150.04
2025-04-18,Insurance Premium,5729.55,,-12546879.59
2025-02-20,Salary Credited,,17519.74,-12529359.85
2025-03-21,Medical Expense,4198.4,,-12533558.25
2025-03-03,Insurance Premium,13460.95,,-12547019.2
2025-03-17,Amazon Purchase,6603.25,,-12553622.45
2025-03-13,Fuel,16979.6,,-12570602.05
2025-02-21,UPI to Zomato,10896.82,,-12581498.87
2025-05-01,SIP Investment,18879.36,,-12600378.23
2025-02-06,Amazon Purchase,5156.58,,-12605534.81
2025-03-22,UPI to Zomato,3253.97,,-12608788.78
2025-03-09,Salary Credited,,16802.22,-12591986.56
2025-05-20,Amazon Purchase,7532.2,,-12599518.76
2025-04-20,Fuel,13584.4,,-12613103.16
2025-06-25,Medical Expense,7144.14,,-12620247.3
2025-04-24,Flight Booking,10016.59,,-12630263.89
2025-03-08,SIP Investment,4291.07,,-12634554.96
2025-03-20,Amazon Purchase,11991.27,,-12646546.23
2025-03-21,UPI to Zomato,11701.27,,-12658247.5
2025-03-31,Salary Credited,,1349.92,-12656897.58
2025-04-10,SIP Investment,10801.18,,-12667698.76
2025-06-16,Electricity Bill,5288.45,,-12672987.21
2025-06-12,Insurance Premium,4824.14,,-12677811.35
2025-03-13,Electricity Bill,16727.67,,-12694539.02
2024-12-29,Fuel,14123.97,,-12708662.99
2025-06-08,Flight Booking,1924.85,,-12710587.84
2025-01-26,Amazon Purchase,10868.72,,-12721456.56
2025-03-18,SIP Investment,14838.56,,-12736295.12
2025-04-16,Flight Booking,9043.78,,-12745338.9
2025-06-18,Amazon Purchase,4381.63,,-12749720.53
2025-05-24,Flight Booking,13926.32,,-12763646.85
2025-01-25,Credit Card Payment,10024.34,,-12773671.19
2025-02-04,Medical Expense,11275.85,,-12784947.04
2024-12-29,UPI to Zomato,12118.32,,-12797065.36
2025-01-05,Credit Card Payment,9109.98,,-12806175.34
2025-04-10,SIP Investment,13971.99,,-12820147.33
2025-05-08,Credit Card Payment,3328.57,,-12823475.9
2025-05-15,Credit Card Payment,18567.49,,-12842043.39
2025-06-17,Fuel,1287.15,,-12843330.54
2025-02-23,Insurance Premium,5036.81,,-12848367.35
2025-02-14,Salary Credited,,13145.94,-12835221.41
2025-05-09,Salary Credited,,7417.2,-12827804.21
2024-12-28,UPI to Zomato,16876.83,,-12844681.04
2025-02-08,SIP Investment,9960.51,,-12854641.55
2025-05-10,Fuel,2559.6,,-12857201.15
2025-03-17,Medical Expense,18279.79,,-12875480.94
2025-02-20,UPI to Zomato,12571.2,,-12888052.14
2025-05-15,Salary Credited,,14490.25,-12873561.89
2025-02-20,Salary Credited,,11797.84,-12861764.05
2025-03-03,Flight Booking,16012.93,,-12877776.98
2025-06-24,Insurance Premium,19955.59,,-12897732.57
2025-02-08,Medical Expense,5894.04,,-12903626.61
2025-04-29,Credit Card Payment,17660.7,,-12921287.31
2025-04-15,Electricity Bill,1408.92,,-12922696.23
2025-01-30,Medical Expense,11399.69,,-12934095.92
2025-04-01,Credit Card Payment,1516.04,,-12935611.96
2025-03-21,Fuel,1643.91,,-12937255.87
2025-03-25,Medical Expense,7403.89,,-12944659.76
2025-02-05,UPI to Zomato,5642.44,,-12950302.2
2025-06-13,Credit Card Payment,11227.51,,-12961529.71
2025-01-01,Fuel,7242.16,,-12968771.87
2025-02-17,Flight Booking,18073.58,,-12986845.45
2025-02-11,Fuel,17286.99,,-13004132.44
2025-06-11,Credit Card Payment,16424.31,,-13020556.75
2025-03-03,Insurance Premium,9037.95,,-13029594.7
2025-01-28,Fuel,4703.19,,-13034297.89
2025-05-11,Amazon Purchase,1607.53,,-13035905.42
2025-06-23,Medical Expense,1032.37,,-13036937.79
2025-01-15,Electricity Bill,8581.53,,-13045519.32
2025-06-01,Amazon Purchase,12946.93,,-13058466.25
2025-06-22,Flight Booking,18075.67,,-13076541.92
2024-12-30,Flight Booking,861.63,,-13077403.55
2025-01-17,Insurance Premium,3597.37,,-13081000.92
2025-02-15,Credit Card Payment,8746.09,,-13089747.01
2025-04-09,Electricity Bill,9969.35,,-13099716.36
2025-04-21,UPI to Zomato,15260.78,,-13114977.14
2025-03-02,UPI to Zomato,14462.17,,-13129439.31
2025-03-02,Insurance Premium,9094.08,,-13138533.39
2025-04-22,Amazon Purchase,17559.09,,-13156092.48
2025-06-02,UPI to Zomato,16464.34,,-13172556.82
2025-04-04,Medical Expense,13329.35,,-13185886.17
2025-01-14,Electricity Bill,10821.51,,-13196707.68
2025-04-08,Electricity Bill,17705.95,,-13214413.63
2025-05-19,Salary Credited,,11983.85,-13202429.78
2025-06-19,Fuel,11376.5,,-13213806.28
2025-02-27,Medical Expense,18059.08,,-13231865.36
2025-03-17,Insurance Premium,2665.92,,-13234531.28
2025-02-09,Salary Credited,,17323.53,-13217207.75
2025-05-15,Salary Credited,,3889.16,-13213318.59
2025-03-28,SIP Investment,6573.82,,-13219892.41
2024-12-26,Salary Credited,,13515.44,-13206376.97
2025-03-30,Medical Expense,3648.55,,-13210025.52
2025-05-06,Flight Booking,6494.66,,-13216520.18
2025-05-03,Credit Card Payment,9718.53,,-13226238.71
2025-01-08,Electricity Bill,16433.5,,-13242672.21
2025-02-21,Insurance Premium,5866.18,,-13248538.39
2025-01-21,Credit Card Payment,13298.86,,-13261837.25
2025-04-19,Insurance Premium,4553.98,,-13266391.23
2025-03-11,UPI to Zomato,2269.71,,-13268660.94
2024-12-29,Amazon Purchase,11097.68,,-13279758.62
2025-05-01,Flight Booking,2011.7,,-13281770.32
2025-01-28,UPI to Zomato,17704.12,,-13299474.44
2025-05-27,Fuel,5396.47,,-13304870.91
2025-02-04,Insurance Premium,1380.33,,-13306251.24
2025-04-05,Salary Credited,,17934.96,-13288316.28
2025-05-11,Salary Credited,,13240.8,-13275075.48
2025-04-06,Insurance Premium,15040.95,,-13290116.43
2025-03-31,Flight Booking,1056.2,,-13291172.63
2025-04-22,Credit Card Payment,1980.73,,-13293153.36
2025-03-06,Flight Booking,7109.44,,-13300262.8
2025-05-15,Insurance Premium,10123.11,,-13310385.91
2024-12-26,UPI to Zomato,9595.31,,-13319981.22
2025-03-20,Salary Credited,,16386.48,-13303594.74
2025-03-08,Amazon Purchase,2369.92,,-13305964.66
2025-02-17,SIP Investment,13570.73,,-13319535.39
2025-05-14,Insurance Premium,7672.23,,-13327207.62
2025-03-08,SIP Investment,13798.63,,-13341006.25
2025-04-17,Electricity Bill,16215.46,,-13357221.71
2025-03-08,UPI to Zomato,8416.63,,-13365638.34
2025-04-19,Medical Expense,9843.9,,-13375482.24
2025-06-23,Credit Card Payment,3992.38,,-13379474.62
2025-05-08,Insurance Premium,16989.95,,-13396464.57
2025-06-03,Fuel,1162.65,,-13397627.22
2025-06-04,Electricity Bill,3742.48,,-13401369.7
2025-01-10,Amazon Purchase,17769.48,,-13419139.18
2025-02-11,Insurance Premium,4330.2,,-13423469.38
2025-06-24,Credit Card Payment,14351.93,,-13437821.31
2025-01-20,UPI to Zomato,11996.73,,-13449818.04
2025-02-24,Fuel,6415.78,,-13456233.82
2025-02-10,Electricity Bill,6381.34,,-13462615.16
2025-03-03,SIP Investment,18915.39,,-13481530.55
2025-03-01,Salary Credited,,7019.01,-13474511.54
2025-04-25,SIP Investment,14982.79,,-13489494.33
2025-05-13,Credit Card Payment,11706.37,,-13501200.7
2025-06-16,Medical Expense,2599.52,,-13503800.22
2025-06-18,Fuel,11527.77,,-13515327.99
2025-01-10,UPI to Zomato,8745.09,,-13524073.08
2025-05-20,Medical Expense,4331.21,,-13528404.29
2024-12-26,SIP Investment,9375.29,,-13537779.58
2025-01-27,Fuel,9148.31,,-13546927.89
2025-06-19,UPI to Zomato,12959.28,,-13559887.17
2025-02-16,Electricity Bill,5499.5,,-13565386.67
2025-03-26,SIP Investment,3579.32,,-13568965.99
2025-04-13,Insurance Premium,7706.92,,-13576672.91
2025-03-25,Electricity Bill,7108.37,,-13583781.28
2025-04-06,Credit Card Payment,16063.6,,-13599844.88
2025-01-15,Salary Credited,,1436.09,-13598408.79
2025-02-16,Amazon Purchase,13376.94,,-13611785.73
2025-02-15,UPI to Zomato,587.13,,-13612372.86
2025-06-01,Fuel,12009.53,,-13624382.39
2025-02-26,Medical Expense,18696.68,,-13643079.07
2025-05-08,Salary Credited,,4444.81,-13638634.26
2025-03-23,Fuel,9833.99,,-13648468.25
2025-01-21,Fuel,14922.26,,-13663390.51
2025-05-28,Credit Card Payment,13991.23,,-13677381.74
2025-04-29,Salary Credited,,11148.32,-13666233.42
2025-02-07,SIP Investment,14451.44,,-13680684.86
2025-03-15,SIP Investment,17404.6,,-13698089.46
2025-06-02,Medical Expense,3407.08,,-13701496.54
2025-05-12,Flight Booking,18253.67,,-13719750.21
2025-05-25,Medical Expense,3709.58,,-13723459.79
2025-06-17,Medical Expense,4286.45,,-13727746.24
2025-03-07,Flight Booking,4672.69,,-13732418.93
2025-05-02,Electricity Bill,11833.09,,-13744252.02
2025-06-03,Salary Credited,,7312.19,-13736939.83
2025-06-09,Salary Credited,,2534.2,-13734405.63
2025-03-08,SIP Investment,15840.79,,-13750246.42
2025-06-11,Insurance Premium,17897.88,,-13768144.3
2025-06-03,Amazon Purchase,16709.76,,-13784854.06
2025-02-10,Fuel,5367.29,,-13790221.35
2025-06-07,Medical Expense,15264.58,,-13805485.93
2025-04-15,SIP Investment,17668.11,,-13823154.04
2025-01-25,Insurance Premium,13515.0,,-13836669.04
2025-03-05,Amazon Purchase,15910.73,,-13852579.77
2025-03-27,Insurance Premium,19994.85,,-13872574.62
2025-04-09,SIP Investment,10939.78,,-13883514.4
2025-06-13,Flight Booking,16014.88,,-13899529.28
2025-01-10,Flight Booking,13570.84,,-13913100.12
2025-06-14,Flight Booking,16295.35,,-13929395.47
2025-03-19,Salary Credited,,1490.97,-13927904.5
2025-03-24,Medical Expense,19146.23,,-13947050.73
2025-03-01,Salary Credited,,9708.42,-13937342.31
2025-01-22,Salary Credited,,17336.65,-13920005.66
2025-04-19,UPI to Zomato,16980.22,,-13936985.88
2025-01-01,Flight Booking,18416.39,,-13955402.27
2025-03-27,Flight Booking,5349.63,,-13960751.9
2025-02-25,Credit Card Payment,6194.4,,-13966946.3
2025-06-07,Insurance Premium,4655.39,,-13971601.69
2025-03-17,Salary Credited,,9012.52,-13962589.17
2024-12-31,Medical Expense,15359.11,,-13977948.28
2025-03-15,Salary Credited,,13023.59,-13964924.69
2025-03-18,Credit Card Payment,7823.12,,-13972747.81
2025-04-28,Insurance Premium,17312.69,,-13990060.5
2025-02-26,Fuel,649.44,,-13990709.94
2025-01-29,UPI to Zomato,17817.33,,-14008527.27
2025-03-14,Credit Card Payment,4353.93,,-14012881.2
2025-03-23,Flight Booking,8223.02,,-14021104.22
2025-03-21,SIP Investment,9840.7,,-14030944.92
2025-05-29,Electricity Bill,11402.1,,-14042347.02
2025-02-13,SIP Investment,4000.35,,-14046347.37
2025-02-12,Flight Booking,13782.69,,-14060130.06
2025-02-22,Credit Card Payment,3102.15,,-14063232.21
2025-05-01,Salary Credited,,18090.64,-14045141.57
2025-06-18,Electricity Bill,7047.88,,-14052189.45
2025-03-12,Flight Booking,17147.94,,-14069337.39
2025-05-08,UPI to Zomato,673.18,,-14070010.57
2025-06-04,Salary Credited,,7746.15,-14062264.42
2025-05-26,Amazon Purchase,10922.63,,-14073187.05
2025-05-19,Credit Card Payment,6313.5,,-14079500.55
2025-03-25,UPI to Zomato,13090.96,,-14092591.51
2025-03-03,SIP Investment,17546.32,,-14110137.83
2025-06-22,UPI to Zomato,1661.58,,-14111799.41
2025-03-30,Flight Booking,15162.14,,-14126961.55
2025-03-13,Medical Expense,10002.25,,-14136963.8
2025-06-13,Credit Card Payment,9011.93,,-14145975.73
2024-12-25,SIP Investment,5186.02,,-14151161.75
2025-04-26,Credit Card Payment,17768.14,,-14168929.89
2025-01-17,Electricity Bill,1815.8,,-14170745.69
2025-02-17,Insurance Premium,14233.26,,-14184978.95
2025-01-10,Flight Booking,2684.62,,-14187663.57
2025-03-05,Insurance Premium,2250.58,,-14189914.15
2025-03-03,Medical Expense,3017.93,,-14192932.08
2025-03-28,UPI to Zomato,11404.36,,-14204336.44
2025-02-01,Medical Expense,5474.03,,-14209810.47
2025-04-04,Salary Credited,,4140.56,-14205669.91
2025-03-06,Credit Card Payment,5242.56,,-14210912.47
2025-04-03,Electricity Bill,19151.03,,-14230063.5
2025-06-20,Credit Card Payment,11393.08,,-14241456.58
2025-01-30,Flight Booking,4078.29,,-14245534.87
2025-01-03,Salary Credited,,11199.71,-14234335.16
2025-04-20,Electricity Bill,908.93,,-14235244.09
2025-05-01,Medical Expense,1736.05,,-14236980.14
2025-06-17,Electricity Bill,11052.58,,-14248032.72
2025-03-07,SIP Investment,9479.53,,-14257512.25
2025-01-16,Amazon Purchase,16509.76,,-14274022.01
2025-02-17,Amazon Purchase,3740.59,,-14277762.6
2025-05-12,Electricity Bill,12352.02,,-14290114.62
2025-03-29,SIP Investment,15187.24,,-14305301.86
2025-02-14,SIP Investment,9916.85,,-14315218.71
2025-06-02,Flight Booking,4005.24,,-14319223.95
2025-01-02,Electricity Bill,5672.46,,-14324896.41
2025-02-19,Amazon Purchase,10914.63,,-14335811.04
2025-04-05,Medical Expense,12404.39,,-14348215.43
2025-03-29,Credit Card Payment,10053.15,,-14358268.58
2025-02-14,Salary Credited,,18021.97,-14340246.61
2025-05-22,Insurance Premium,3676.6,,-14343923.21
2025-01-06,Fuel,18177.92,,-14362101.13
2025-06-17,Medical Expense,10099.82,,-14372200.95
2025-03-02,UPI to Zomato,17954.56,,-14390155.51
2025-04-12,Salary Credited,,14055.3,-14376100.21
2025-02-12,Insurance Premium,11607.02,,-14387707.23
2025-04-01,Credit Card Payment,9899.05,,-14397606.28
2025-05-22,UPI to Zomato,18367.09,,-14415973.37
2025-05-12,Medical Expense,14046.24,,-14430019.61
2025-06-20,Insurance Premium,2344.96,,-14432364.57
2025-04-23,Fuel,4625.16,,-14436989.73
2025-05-09,Flight Booking,1889.56,,-14438879.29
2025-01-13,Salary Credited,,14157.15,-14424722.14
2025-03-27,SIP Investment,2471.38,,-14427193.52
2025-01-20,Insurance Premium,1038.5,,-14428232.02
2025-06-17,Medical Expense,12621.36,,-14440853.38
2025-02-11,Electricity Bill,2787.56,,-14443640.94
2025-05-04,Salary Credited,,1809.68,-14441831.26
2025-03-07,UPI to Zomato,13314.68,,-14455145.94
2025-05-01,Flight Booking,7554.88,,-14462700.82
2025-05-06,Flight Booking,14046.58,,-14476747.4
2024-12-27,Fuel,17336.12,,-14494083.52
2025-01-10,SIP Investment,3338.91,,-14497422.43
2025-05-28,Salary Credited,,17929.88,-14479492.55
2025-04-20,Fuel,18820.41,,-14498312.96
2025-01-11,Fuel,13804.72,,-14512117.68
2025-06-16,Fuel,12147.31,,-14524264.99
2025-06-25,Flight Booking,9952.82,,-14534217.81
2025-06-12,Amazon Purchase,12509.81,,-14546727.62
2025-01-04,Electricity Bill,8226.16,,-14554953.78
2025-01-06,Fuel,18224.16,,-14573177.94
2025-01-10,Flight Booking,4190.28,,-14577368.22
2025-04-28,Fuel,13614.9,,-14590983.12
2025-06-11,Fuel,1161.58,,-14592144.7
2025-01-14,Medical Expense,19103.66,,-14611248.36
2025-02-25,UPI to Zomato,4460.16,,-14615708.52
2025-01-01,Amazon Purchase,3337.0,,-14619045.52
2025-03-16,Credit Card Payment,13998.16,,-14633043.68
2025-05-22,Electricity Bill,543.13,,-14633586.81
2025-04-30,Insurance Premium,927.11,,-14634513.92
2025-01-22,Salary Credited,,2704.13,-14631809.79
2025-03-15,SIP Investment,17346.07,,-14649155.86
2025-03-01,Electricity Bill,12159.73,,-14661315.59
2025-01-05,Electricity Bill,11008.23,,-14672323.82
2025-06-14,SIP Investment,601.66,,-14672925.48
2025-04-17,Fuel,9798.19,,-14682723.67
2025-05-12,UPI to Zomato,4471.52,,-14687195.19
2025-05-25,SIP Investment,19284.66,,-14706479.85
2025-06-05,Salary Credited,,2973.98,-14703505.87
2025-02-27,Medical Expense,5130.14,,-14708636.01
2025-03-14,SIP Investment,9060.43,,-14717696.44
2025-04-12,Credit Card Payment,11959.09,,-14729655.53
2025-04-25,Salary Credited,,762.39,-14728893.14
2025-01-07,Medical Expense,19083.06,,-14747976.2
2025-02-02,Electricity Bill,3399.71,,-14751375.91
2025-01-13,Fuel,19604.55,,-14770980.46
2025-03-14,Insurance Premium,15417.11,,-14786397.57
2025-04-16,Medical Expense,1274.29,,-14787671.86
2025-02-19,Fuel,11737.33,,-14799409.19
2025-06-17,Amazon Purchase,5391.39,,-14804800.58
2025-04-30,Credit Card Payment,4774.25,,-14809574.83
2025-04-04,SIP Investment,3405.87,,-14812980.7
2025-06-15,SIP Investment,16654.01,,-14829634.71
2025-02-10,Flight Booking,4690.26,,-14834324.97
2025-02-07,Fuel,1906.99,,-14836231.96
2025-04-10,UPI to Zomato,3663.56,,-14839895.52
2025-04-27,Salary Credited,,17193.8,-14822701.72
2025-05-20,UPI to Zomato,14999.52,,-14837701.24
2025-03-08,Salary Credited,,1232.91,-14836468.33
2025-04-01,SIP Investment,8565.76,,-14845034.09
2025-04-20,UPI to Zomato,2078.09,,-14847112.18
2025-02-28,Insurance Premium,17192.2,,-14864304.38
2025-02-10,Salary Credited,,19647.67,-14844656.71
2025-04-22,Insurance Premium,9086.35,,-14853743.06
2025-01-15,Flight Booking,5296.38,,-14859039.44
2025-01-05,Flight Booking,18269.68,,-14877309.12
2025-03-29,Salary Credited,,11199.63,-14866109.49
2025-01-01,Credit Card Payment,5806.62,,-14871916.11
2025-05-17,Medical Expense,1612.07,,-14873528.18
2025-03-24,Insurance Premium,15703.89,,-14889232.07
2025-04-17,SIP Investment,14551.73,,-14903783.8
2025-03-15,Electricity Bill,6554.22,,-14910338.02
2025-04-20,Salary Credited,,12442.79,-14897895.23
2025-04-25,Amazon Purchase,16607.89,,-14914503.12
2025-04-28,Amazon Purchase,4458.24,,-14918961.36
2025-05-17,Electricity Bill,6928.95,,-14925890.31
2025-01-19,Fuel,17815.45,,-14943705.76
2025-01-08,Credit Card Payment,2284.09,,-14945989.85
2025-03-23,Fuel,706.85,,-14946696.7
2025-02-19,Insurance Premium,6783.15,,-14953479.85
2025-05-19,Fuel,14254.17,,-14967734.02
2025-05-26,Amazon Purchase,9420.11,,-14977154.13
2025-05-17,UPI to Zomato,12386.39,,-14989540.52
2025-02-07,Flight Booking,7152.66,,-14996693.18
2025-04-17,Amazon Purchase,7975.11,,-15004668.29
2025-06-21,Medical Expense,17617.92,,-15022286.21
2025-03-25,Medical Expense,6563.85,,-15028850.06
2025-05-23,Salary Credited,,1363.31,-15027486.75
2025-04-19,Fuel,3134.41,,-15030621.16
2025-03-10,Fuel,7210.49,,-15037831.65
2025-04-15,Medical Expense,2847.93,,-15040679.58
2025-04-27,Fuel,9226.46,,-15049906.04
2025-03-19,Salary Credited,,18822.81,-15031083.23
2025-03-18,Amazon Purchase,2540.99,,-15033624.22
2025-01-01,UPI to Zomato,1942.58,,-15035566.8
2025-06-17,UPI to Zomato,17964.66,,-15053531.46
2025-04-23,Electricity Bill,6690.52,,-15060221.98
2024-12-26,Amazon Purchase,1258.94,,-15061480.92
2025-02-23,Electricity Bill,7936.5,,-15069417.42
2025-03-30,Amazon Purchase,2532.99,,-15071950.41
2025-05-31,Medical Expense,5946.37,,-15077896.78
2025-03-13,Amazon Purchase,19178.09,,-15097074.87
2025-06-25,SIP Investment,19437.33,,-15116512.2
2025-05-15,Credit Card Payment,884.22,,-15117396.42
2025-04-14,Fuel,5636.75,,-15123033.17
2025-01-05,Salary Credited,,13532.5,-15109500.67
2024-12-26,Salary Credited,,5557.22,-15103943.45
2025-06-07,Amazon Purchase,5756.06,,-15109699.51
2025-04-10,Insurance Premium,11985.76,,-15121685.27
2025-03-10,Electricity Bill,10529.81,,-15132215.08
2025-05-13,SIP Investment,9030.27,,-15141245.35
2025-02-18,Flight Booking,16479.61,,-15157724.96
2025-05-20,Insurance Premium,5218.77,,-15162943.73
2025-03-20,Credit Card Payment,16294.99,,-15179238.72
2025-06-25,Flight Booking,7570.55,,-15186809.27
2025-06-04,UPI to Zomato,7954.2,,-15194763.47
2025-02-25,Amazon Purchase,1027.12,,-15195790.59
2025-01-24,Amazon Purchase,8384.84,,-15204175.43
2025-03-30,Credit Card Payment,14328.45,,-15218503.88
2025-04-14,Amazon Purchase,6524.65,,-15225028.53
2025-02-09,Amazon Purchase,18344.17,,-15243372.7
2025-01-04,Fuel,3571.96,,-15246944.66
2024-12-27,Salary Credited,,15092.64,-15231852.02
2025-01-15,Salary Credited,,8761.92,-15223090.1
2025-02-20,SIP Investment,18239.67,,-15241329.77
2025-04-18,UPI to Zomato,4396.47,,-15245726.24
2025-01-19,Medical Expense,19543.56,,-15265269.8
2024-12-30,Flight Booking,6348.92,,-15271618.72
2025-05-23,Fuel,10867.71,,-15282486.43
2025-06-05,Fuel,1940.69,,-15284427.12
2025-06-24,Medical Expense,6577.39,,-15291004.51
2025-02-08,Electricity Bill,4536.8,,-15295541.31
2025-05-02,Salary Credited,,5613.64,-15289927.67
2025-04-21,Medical Expense,11670.05,,-15301597.72
2025-05-07,SIP Investment,17714.41,,-15319312.13
2025-02-28,Insurance Premium,10406.16,,-15329718.29
2025-04-04,Electricity Bill,10240.92,,-15339959.21
2025-05-12,Insurance Premium,11140.94,,-15351100.15
2025-06-02,Medical Expense,10017.41,,-15361117.56
2025-03-09,Insurance Premium,6214.12,,-15367331.68
2025-04-01,SIP Investment,10990.81,,-15378322.49
2025-06-21,Flight Booking,2741.43,,-15381063.92
2024-12-27,Fuel,4950.7,,-15386014.62
2025-05-25,Salary Credited,,17344.34,-15368670.28
2025-01-08,Amazon Purchase,18489.54,,-15387159.82
2025-02-02,UPI to Zomato,9212.54,,-15396372.36
2025-03-24,Fuel,7330.42,,-15403702.78
2025-06-06,SIP Investment,8484.2,,-15412186.98
2025-02-22,UPI to Zomato,11798.23,,-15423985.21
2025-03-22,Amazon Purchase,18143.47,,-15442128.68
2025-06-12,UPI to Zomato,14063.17,,-15456191.85
2025-01-16,Salary Credited,,13354.4,-15442837.45
2024-12-30,UPI to Zomato,13204.63,,-15456042.08
2025-02-01,Flight Booking,9569.92,,-15465612.0
2025-03-16,Fuel,19534.16,,-15485146.16
2025-01-30,UPI to Zomato,18184.81,,-15503330.97
2025-02-05,UPI to Zomato,18490.6,,-15521821.57
2025-03-10,Credit Card Payment,12569.88,,-15534391.45
2024-12-26,Electricity Bill,12770.83,,-15547162.28
2025-04-17,Salary Credited,,16549.52,-15530612.76
2025-01-07,Flight Booking,10228.08,,-15540840.84
2025-04-18,Credit Card Payment,13001.6,,-15553842.44
2025-01-27,Amazon Purchase,5533.48,,-15559375.92
2025-05-28,UPI to Zomato,14832.62,,-15574208.54
2025-01-13,Electricity Bill,4138.4,,-15578346.94
2025-03-29,Salary Credited,,9821.37,-15568525.57
2025-06-02,Flight Booking,3177.9,,-15571703.47
2025-06-15,Fuel,16558.45,,-15588261.92
2025-01-09,Flight Booking,3040.61,,-15591302.53
2025-05-28,SIP Investment,14476.91,,-15605779.44
2025-06-01,Insurance Premium,7420.17,,-15613199.61
2025-03-06,Amazon Purchase,13279.93,,-15626479.54
2025-05-13,Medical Expense,10560.05,,-15637039.59
2025-06-12,Insurance Premium,13967.64,,-15651007.23
2025-03-05,UPI to Zomato,16169.5,,-15667176.73
2025-04-17,Salary Credited,,3463.21,-15663713.52
2025-01-29,Flight Booking,17141.42,,-15680854.94
2025-01-20,Medical Expense,9520.54,,-15690375.48
2025-06-04,Fuel,1374.08,,-15691749.56
2025-02-18,Flight Booking,17544.95,,-15709294.51
2025-04-06,UPI to Zomato,2555.33,,-15711849.84
2025-04-14,SIP Investment,6841.49,,-15718691.33
2025-05-22,Medical Expense,19125.41,,-15737816.74
2025-06-15,Fuel,14673.04,,-15752489.78
2025-04-20,Fuel,16966.22,,-15769456.0
2025-01-22,UPI to Zomato,16410.33,,-15785866.33
2025-04-12,Electricity Bill,8406.61,,-15794272.94
2025-02-03,Electricity Bill,6246.66,,-15800519.6
2025-05-13,Salary Credited,,14981.63,-15785537.97
2025-01-23,Medical Expense,13272.3,,-15798810.27
2025-05-31,Fuel,17889.76,,-15816700.03
2025-05-25,Fuel,13052.19,,-15829752.22
2025-06-04,Amazon Purchase,10559.26,,-15840311.48
2025-03-31,Insurance Premium,12592.56,,-15852904.04
2025-03-05,Salary Credited,,3010.97,-15849893.07
2025-04-28,Fuel,6816.81,,-15856709.88
2025-04-13,Insurance Premium,2732.34,,-15859442.22
2025-06-10,Amazon Purchase,12935.65,,-15872377.87
2025-05-29,Electricity Bill,14826.58,,-15887204.45
2025-05-11,SIP Investment,13679.44,,-15900883.89
2025-04-12,Salary Credited,,6145.08,-15894738.81
2025-01-26,Flight Booking,5261.75,,-15900000.56
2025-05-11,Credit Card Payment,15918.48,,-15915919.04
2025-05-25,Credit Card Payment,1526.34,,-15917445.38
2025-01-20,Electricity Bill,5851.96,,-15923297.34
2025-05-19,Salary Credited,,6262.66,-15917034.68
2025-01-08,Salary Credited,,8148.42,-15908886.26
2025-02-16,Fuel,14574.81,,-15923461.07
2025-06-02,Insurance Premium,5991.95,,-15929453.02
2025-02-09,UPI to Zomato,9411.81,,-15938864.83
2025-05-08,Insurance Premium,3982.94,,-15942847.77
2025-01-23,Insurance Premium,13432.39,,-15956280.16
2025-06-02,Fuel,7228.77,,-15963508.93
2025-05-15,Flight Booking,1854.6,,-15965363.53
2025-03-16,Electricity Bill,9856.29,,-15975219.82
2025-01-21,SIP Investment,6067.23,,-15981287.05
2025-02-01,SIP Investment,8372.34,,-15989659.39
2025-05-26,Insurance Premium,9659.19,,-15999318.58
2025-04-25,Amazon Purchase,6790.63,,-16006109.21
2025-02-19,Flight Booking,15066.0,,-16021175.21
2025-03-27,Flight Booking,2346.61,,-16023521.82
2025-05-22,Electricity Bill,19870.75,,-16043392.57
2025-04-24,Medical Expense,5323.77,,-16048716.34
2025-02-25,Insurance Premium,18178.89,,-16066895.23
2025-02-07,Insurance Premium,16271.26,,-16083166.49
2025-06-10,Credit Card Payment,14010.89,,-16097177.38
2025-04-11,Electricity Bill,1584.42,,-16098761.8
2025-04-18,Flight Booking,18539.72,,-16117301.52
2025-01-05,Medical Expense,12058.66,,-16129360.18
2025-06-11,Salary Credited,,1147.93,-16128212.25
2025-05-19,Credit Card Payment,16992.5,,-16145204.75
2025-01-05,UPI to Zomato,4597.86,,-16149802.61
2025-01-21,Credit Card Payment,10205.65,,-16160008.26
2025-04-01,Salary Credited,,11979.26,-16148029.0
2025-02-15,Amazon Purchase,2626.88,,-16150655.88
2025-06-21,Amazon Purchase,19316.57,,-16169972.45
2025-03-07,Salary Credited,,10784.3,-16159188.15
2025-04-20,Fuel,5012.37,,-16164200.52
2025-03-24,Electricity Bill,4240.74,,-16168441.26
2025-04-21,Salary Credited,,10725.14,-16157716.12
2025-04-05,UPI to Zomato,8498.41,,-16166214.53
2025-05-31,UPI to Zomato,17164.37,,-16183378.9
2025-05-04,Flight Booking,10078.85,,-16193457.75
2025-02-12,Flight Booking,632.48,,-16194090.23
2025-03-29,Insurance Premium,13747.76,,-16207837.99
2025-02-23,Amazon Purchase,19259.67,,-16227097.66
2025-04-11,SIP Investment,2215.2,,-16229312.86
2025-06-17,Insurance Premium,13668.17,,-16242981.03
2025-03-04,Medical Expense,18904.51,,-16261885.54
2025-05-06,Insurance Premium,17980.63,,-16279866.17
2025-06-09,Fuel,6980.15,,-16286846.32
2025-06-09,Salary Credited,,11953.15,-16274893.17
2025-06-12,Medical Expense,10862.5,,-16285755.67
2025-01-05,Medical Expense,8162.03,,-16293917.7
2025-05-15,UPI to Zomato,15058.26,,-16308975.96
2025-02-12,UPI to Zomato,17860.86,,-16326836.82
2025-03-18,Credit Card Payment,16886.85,,-16343723.67
2025-06-21,Amazon Purchase,5494.16,,-16349217.83
2025-04-25,Salary Credited,,3031.5,-16346186.33
2025-01-29,SIP Investment,19932.3,,-16366118.63
2025-02-07,Salary Credited,,6816.87,-16359301.76
2025-05-06,Fuel,13511.1,,-16372812.86
2025-06-11,Amazon Purchase,13291.93,,-16386104.79
2025-02-25,Insurance Premium,6517.12,,-16392621.91
2025-01-22,Credit Card Payment,19142.86,,-16411764.77
2025-04-05,Electricity Bill,6431.44,,-16418196.21
2025-06-14,Medical Expense,18951.35,,-16437147.56
2025-01-11,Salary Credited,,16480.59,-16420666.97
2025-04-23,Credit Card Payment,1590.28,,-16422257.25
2025-05-13,Amazon Purchase,18450.13,,-16440707.38
2025-04-08,Flight Booking,12547.77,,-16453255.15
2025-06-21,Credit Card Payment,2400.36,,-16455655.51
2025-03-02,Salary Credited,,16736.38,-16438919.13
2025-06-16,Medical Expense,7661.8,,-16446580.93
2025-03-31,Amazon Purchase,13384.56,,-16459965.49
2025-04-28,UPI to Zomato,5740.4,,-16465705.89
2025-04-16,Salary Credited,,3516.11,-16462189.78
2025-02-25,Fuel,10910.97,,-16473100.75
2025-06-17,Fuel,15096.03,,-16488196.78
2025-06-07,UPI to Zomato,19039.37,,-16507236.15
2025-03-02,Amazon Purchase,4384.84,,-16511620.99
2025-04-07,Credit Card Payment,18075.13,,-16529696.12
2025-01-21,UPI to Zomato,14333.52,,-16544029.64
2025-03-12,Salary Credited,,12828.92,-16531200.72
2024-12-26,Electricity Bill,19400.36,,-16550601.08
2025-03-25,SIP Investment,14898.17,,-16565499.25
2025-01-16,Insurance Premium,9800.19,,-16575299.44
2025-01-31,Amazon Purchase,1594.14,,-16576893.58
2025-03-06,SIP Investment,12621.23,,-16589514.81
2025-04-11,Salary Credited,,15603.32,-16573911.49
2025-03-08,Salary Credited,,1365.44,-16572546.05
2025-04-18,Medical Expense,2150.5,,-16574696.55
2025-05-17,UPI to Zomato,12946.14,,-16587642.69
2025-02-23,Salary Credited,,11791.37,-16575851.32
2025-02-18,Electricity Bill,6971.78,,-16582823.1
2025-05-29,Salary Credited,,17200.41,-16565622.69
2025-05-09,Electricity Bill,9205.26,,-16574827.95
2025-05-27,Amazon Purchase,4350.86,,-16579178.81
2025-03-15,SIP Investment,12662.6,,-16591841.41
2025-02-13,Amazon Purchase,5491.34,,-16597332.75
2025-02-11,Fuel,14650.64,,-16611983.39
2024-12-28,Credit Card Payment,9801.87,,-16621785.26
2025-05-19,Medical Expense,17435.18,,-16639220.44
2025-06-14,Insurance Premium,18000.13,,-16657220.57
2025-03-20,Amazon Purchase,11991.22,,-16669211.79
2025-05-09,Flight Booking,18676.76,,-16687888.55
2024-12-25,Flight Booking,7325.45,,-16695214.0
2025-02-23,UPI to Zomato,14913.22,,-16710127.22
2025-03-03,Credit Card Payment,7350.08,,-16717477.3
2025-05-02,Insurance Premium,9356.7,,-16726834.0
2025-01-30,UPI to Zomato,3393.85,,-16730227.85
2025-05-19,Amazon Purchase,8503.78,,-16738731.63
2025-03-23,Salary Credited,,19217.02,-16719514.61
2025-02-21,Flight Booking,11577.52,,-16731092.13
2025-04-17,Flight Booking,11075.65,,-16742167.78
2025-03-24,Flight Booking,12928.31,,-16755096.09
2025-06-21,UPI to Zomato,1829.31,,-16756925.4
2025-03-15,Insurance Premium,15970.18,,-16772895.58
2025-04-30,Amazon Purchase,3313.29,,-16776208.87
2025-04-12,Electricity Bill,16540.42,,-16792749.29
2025-03-14,Amazon Purchase,2482.1,,-16795231.39
2025-04-20,Flight Booking,16797.57,,-16812028.96
2025-03-29,Flight Booking,14992.67,,-16827021.63
2025-03-05,Electricity Bill,6385.51,,-16833407.14
2025-05-30,Credit Card Payment,16496.07,,-16849903.21
2025-01-25,Flight Booking,6849.63,,-16856752.84
2025-05-10,Credit Card Payment,14636.56,,-16871389.4
2025-01-01,Salary Credited,,5366.09,-16866023.31
2025-01-27,Electricity Bill,8896.43,,-16874919.74
2025-06-11,Credit Card Payment,11947.31,,-16886867.05
2025-03-18,Amazon Purchase,2771.38,,-16889638.43
2025-04-12,Amazon Purchase,17966.03,,-16907604.46
2025-02-25,Salary Credited,,11452.39,-16896152.07
2025-04-22,Amazon Purchase,17875.02,,-16914027.09
2025-02-04,SIP Investment,5229.0,,-16919256.09
2025-03-31,Flight Booking,17081.91,,-16936338.0
2025-05-02,Fuel,18760.17,,-16955098.17
2025-06-10,Fuel,3205.0,,-16958303.17
2025-02-01,Electricity Bill,15812.01,,-16974115.18
2025-05-12,Insurance Premium,13964.21,,-16988079.39
2025-05-26,Flight Booking,1682.18,,-16989761.57
2025-03-13,SIP Investment,15609.05,,-17005370.62
2025-02-28,SIP Investment,14746.76,,-17020117.38
2025-04-08,Amazon Purchase,2195.02,,-17022312.4
2025-01-27,Flight Booking,4410.24,,-17026722.64
2025-03-01,Fuel,11747.63,,-17038470.27
2025-04-15,Amazon Purchase,2459.75,,-17040930.02
2025-01-26,Insurance Premium,3147.34,,-17044077.36
2025-01-25,Insurance Premium,4649.11,,-17048726.47
2024-12-25,Insurance Premium,3165.82,,-17051892.29
2025-05-31,UPI to Zomato,3177.19,,-17055069.48
2025-04-09,Medical Expense,7809.06,,-17062878.54
2025-02-22,Insurance Premium,15576.46,,-17078455.0
2025-03-10,Fuel,4478.59,,-17082933.59
2025-01-04,Credit Card Payment,2022.19,,-17084955.78
2025-01-26,Salary Credited,,6412.19,-17078543.59
2025-03-08,Salary Credited,,7721.1,-17070822.49
2025-04-02,Flight Booking,10503.11,,-17081325.6
2025-04-24,Insurance Premium,9987.22,,-17091312.82
2025-04-16,SIP Investment,15245.39,,-17106558.21
2025-02-05,Electricity Bill,1474.39,,-17108032.6
2025-01-30,Amazon Purchase,7444.2,,-17115476.8
2024-12-30,UPI to Zomato,16857.82,,-17132334.62
2025-01-25,Insurance Premium,745.45,,-17133080.07
2025-02-10,UPI to Zomato,8352.03,,-17141432.1
2025-03-11,Salary Credited,,9133.48,-17132298.62
2025-02-11,Salary Credited,,1931.76,-17130366.86
2025-02-02,Electricity Bill,11502.11,,-17141868.97
2025-06-11,Salary Credited,,19826.07,-17122042.9
2025-02-25,Fuel,6639.35,,-17128682.25
2025-04-12,Salary Credited,,4039.25,-17124643.0
2025-03-27,SIP Investment,3073.78,,-17127716.78
2025-06-03,Insurance Premium,3006.2,,-17130722.98
2025-03-19,Insurance Premium,15254.64,,-17145977.62
2025-02-15,Amazon Purchase,2194.44,,-17148172.06
2025-06-25,Salary Credited,,15777.96,-17132394.1
2025-04-26,Amazon Purchase,17098.92,,-17149493.02
2025-04-08,Flight Booking,19791.42,,-17169284.44
2025-02-01,Amazon Purchase,16302.1,,-17185586.54
2025-01-28,Electricity Bill,9550.58,,-17195137.12
2025-01-29,Credit Card Payment,11939.21,,-17207076.33
2025-03-27,Insurance Premium,14099.75,,-17221176.08
2025-06-25,Amazon Purchase,7863.29,,-17229039.37
2025-06-10,UPI to Zomato,15648.0,,-17244687.37
2025-05-20,Electricity Bill,13682.17,,-17258369.54
2025-01-24,Medical Expense,6731.7,,-17265101.24
2025-01-24,UPI to Zomato,10673.79,,-17275775.03
2025-06-17,Insurance Premium,6766.87,,-17282541.9
2025-04-27,Credit Card Payment,17776.13,,-17300318.03
2025-05-01,Medical Expense,17611.0,,-17317929.03
2025-05-15,Electricity Bill,8700.74,,-17326629.77
2025-05-18,Medical Expense,12149.65,,-17338779.42
2025-01-15,Medical Expense,19737.17,,-17358516.59
2025-01-09,Insurance Premium,12412.43,,-17370929.02
2025-03-03,Salary Credited,,14195.0,-17356734.02
2025-02-03,Credit Card Payment,6293.72,,-17363027.74
2025-04-16,Salary Credited,,7994.62,-17355033.12
2025-03-29,Electricity Bill,10516.97,,-17365550.09
2025-04-02,Credit Card Payment,11878.63,,-17377428.72
2025-04-09,SIP Investment,5715.81,,-17383144.53
2025-01-17,Flight Booking,17708.24,,-17400852.77
2025-06-15,Medical Expense,2341.7,,-17403194.47
2025-01-12,Flight Booking,910.85,,-17404105.32
2025-01-29,Insurance Premium,16256.3,,-17420361.62
2025-06-05,Medical Expense,19188.1,,-17439549.72
2025-02-09,Fuel,5261.88,,-17444811.6
2024-12-25,Electricity Bill,11454.8,,-17456266.4
2025-04-05,Insurance Premium,18180.5,,-17474446.9
2025-05-08,Flight Booking,18934.09,,-17493380.99
2025-05-04,Insurance Premium,19595.06,,-17512976.05
2025-06-17,Fuel,7259.8,,-17520235.85
2025-05-22,Flight Booking,5888.36,,-17526124.21
2025-03-25,Fuel,18230.72,,-17544354.93
2025-02-12,Fuel,3451.81,,-17547806.74
2025-03-01,Insurance Premium,17207.52,,-17565014.26
2024-12-31,Credit Card Payment,10227.84,,-17575242.1
2025-04-27,Flight Booking,6505.69,,-17581747.79
2025-05-27,UPI to Zomato,17992.7,,-17599740.49
2025-06-20,Amazon Purchase,11133.27,,-17610873.76
2025-02-15,Flight Booking,18289.49,,-17629163.25
2025-05-21,Flight Booking,18484.99,,-17647648.24
2025-06-20,Credit Card Payment,2147.99,,-17649796.23
2025-04-03,SIP Investment,3641.75,,-17653437.98
2025-02-24,Amazon Purchase,1617.95,,-17655055.93
2025-04-10,Insurance Premium,9084.29,,-17664140.22
2025-03-01,Electricity Bill,8891.61,,-17673031.83
2025-04-18,Credit Card Payment,19745.91,,-17692777.74
2025-01-21,Fuel,6470.22,,-17699247.96
2025-04-08,UPI to Zomato,16127.7,,-17715375.66
2025-05-20,Credit Card Payment,16170.32,,-17731545.98
2025-03-11,SIP Investment,5891.45,,-17737437.43
2025-01-19,Medical Expense,17255.54,,-17754692.97
2025-05-30,SIP Investment,3243.2,,-17757936.17
2025-02-01,UPI to Zomato,3892.01,,-17761828.18
2025-06-11,Flight Booking,17613.97,,-17779442.15
2025-04-13,Electricity Bill,6546.64,,-17785988.79
2025-06-22,Insurance Premium,3513.98,,-17789502.77
2025-05-01,Insurance Premium,4347.63,,-17793850.4
2025-01-05,Amazon Purchase,12491.11,,-17806341.51
2025-01-14,UPI to Zomato,6736.98,,-17813078.49
2025-05-18,SIP Investment,8768.64,,-17821847.13
2025-03-23,SIP Investment,11814.02,,-17833661.15
2025-02-24,UPI to Zomato,9778.04,,-17843439.19
2025-06-15,Electricity Bill,7497.94,,-17850937.13
2025-05-28,Fuel,2102.49,,-17853039.62
2025-04-11,Insurance Premium,1195.8,,-17854235.42
2025-04-01,SIP Investment,2504.1,,-17856739.52
2025-03-12,Credit Card Payment,5530.86,,-17862270.38
2025-03-08,Amazon Purchase,9847.46,,-17872117.84
2025-02-12,Electricity Bill,12100.66,,-17884218.5
2025-01-29,Medical Expense,9813.94,,-17894032.44
2025-03-12,UPI to Zomato,5848.37,,-17899880.81
2025-06-10,Medical Expense,17212.27,,-17917093.08
2025-02-23,Insurance Premium,2426.19,,-17919519.27
2025-01-27,Medical Expense,12562.62,,-17932081.89
2025-06-09,Salary Credited,,8761.83,-17923320.06
2025-03-23,Amazon Purchase,4263.74,,-17927583.8
2025-02-06,Credit Card Payment,11702.14,,-17939285.94
2025-04-03,Flight Booking,5157.46,,-17944443.4
2025-02-15,Amazon Purchase,19586.64,,-17964030.04
2025-04-28,UPI to Zomato,8506.02,,-17972536.06
2025-04-18,Credit Card Payment,955.3,,-17973491.36
2025-02-27,Flight Booking,871.31,,-17974362.67
2025-06-08,SIP Investment,15352.12,,-17989714.79
2025-02-11,Credit Card Payment,9102.81,,-17998817.6
2025-03-25,Amazon Purchase,2791.45,,-18001609.05
2025-01-12,Credit Card Payment,15618.17,,-18017227.22
2025-05-03,Electricity Bill,9538.86,,-18026766.08
2025-05-14,Medical Expense,601.72,,-18027367.8
2025-05-23,Fuel,10628.15,,-18037995.95
2025-05-01,Electricity Bill,4970.03,,-18042965.98
2025-01-05,Fuel,16082.96,,-18059048.94
2025-06-12,Salary Credited,,2135.7,-18056913.24
2025-03-10,Insurance Premium,3674.23,,-18060587.47
2025-06-03,SIP Investment,4812.25,,-18065399.72
2025-05-18,Flight Booking,16336.01,,-18081735.73
2025-01-11,Salary Credited,,14298.79,-18067436.94
2025-02-28,Fuel,11957.75,,-18079394.69
2025-02-20,Electricity Bill,3201.55,,-18082596.24
2025-01-13,Credit Card Payment,17463.93,,-18100060.17
2025-04-22,Salary Credited,,16388.1,-18083672.07
2025-02-23,UPI to Zomato,8347.41,,-18092019.48
2025-04-22,Electricity Bill,5982.54,,-18098002.02
2025-03-04,Amazon Purchase,8840.42,,-18106842.44
2025-04-24,Electricity Bill,7124.26,,-18113966.7
2025-01-06,Flight Booking,11496.69,,-18125463.39
2025-05-27,Fuel,19064.66,,-18144528.05
2025-06-10,Fuel,14392.74,,-18158920.79
2025-02-10,Medical Expense,15925.09,,-18174845.88
2025-01-01,Credit Card Payment,5882.26,,-18180728.14
2025-02-14,Flight Booking,13029.56,,-18193757.7
2025-03-30,SIP Investment,16789.67,,-18210547.37
2025-05-30,Electricity Bill,12438.91,,-18222986.28
2025-03-21,Credit Card Payment,3957.16,,-18226943.44
2024-12-30,Amazon Purchase,12816.43,,-18239759.87
2025-01-27,SIP Investment,7828.5,,-18247588.37
2025-04-02,Medical Expense,19343.7,,-18266932.07
2025-01-17,Salary Credited,,11427.67,-18255504.4
2025-05-05,Salary Credited,,8499.5,-18247004.9
2025-02-22,SIP Investment,2674.67,,-18249679.57
2025-04-30,Fuel,14181.03,,-18263860.6
2025-02-18,Flight Booking,6538.65,,-18270399.25
2025-03-25,Flight Booking,9328.33,,-18279727.58
2025-02-19,Credit Card Payment,8653.33,,-18288380.91
2024-12-30,Insurance Premium,17439.06,,-18305819.97
2025-04-27,Insurance Premium,6642.91,,-18312462.88
2025-05-24,Amazon Purchase,14168.41,,-18326631.29
2025-04-22,Electricity Bill,14535.1,,-18341166.39
2025-02-27,Amazon Purchase,548.3,,-18341714.69
2025-04-30,Electricity Bill,10285.47,,-18352000.16
2025-06-12,Medical Expense,6477.06,,-18358477.22
2025-03-28,UPI to Zomato,1152.76,,-18359629.98
2025-02-02,UPI to Zomato,12616.31,,-18372246.29
2025-05-17,Fuel,4547.59,,-18376793.88
2025-06-04,UPI to Zomato,19509.44,,-18396303.32
2025-06-18,Salary Credited,,15164.89,-18381138.43
2025-05-05,Electricity Bill,695.33,,-18381833.76
2025-02-01,Amazon Purchase,19225.59,,-18401059.35
2025-02-26,Electricity Bill,18167.99,,-18419227.34
2025-01-08,Fuel,17695.65,,-18436922.99
2025-01-02,Salary Credited,,2451.51,-18434471.48
2025-03-14,Salary Credited,,2171.47,-18432300.01
2025-04-24,Fuel,3808.76,,-18436108.77
2024-12-31,Salary Credited,,5932.79,-18430175.98
2025-04-04,Insurance Premium,19137.01,,-18449312.99
2025-02-13,Salary Credited,,2145.4,-18447167.59
2025-05-16,SIP Investment,3382.67,,-18450550.26
2025-04-20,Insurance Premium,7121.51,,-18457671.77
2025-04-29,Fuel,5012.99,,-18462684.76
2025-05-26,Fuel,14855.76,,-18477540.52
2025-05-27,Electricity Bill,2323.47,,-18479863.99
2025-01-17,Electricity Bill,13700.94,,-18493564.93
2025-03-02,Amazon Purchase,19629.76,,-18513194.69
2025-06-08,Credit Card Payment,18852.83,,-18532047.52
2025-01-03,Flight Booking,15016.83,,-18547064.35
2025-03-07,Electricity Bill,505.22,,-18547569.57
2025-01-31,UPI to Zomato,13053.12,,-18560622.69
2025-06-20,Medical Expense,5591.8,,-18566214.49
2025-01-01,Salary Credited,,3004.58,-18563209.91
2025-05-20,Amazon Purchase,8534.43,,-18571744.34
2025-02-12,Insurance Premium,7617.6,,-18579361.94
2025-03-23,Insurance Premium,11049.92,,-18590411.86
2024-12-25,Amazon Purchase,5643.84,,-18596055.7
2025-06-21,Insurance Premium,6937.91,,-18602993.61
2025-04-21,Salary Credited,,6744.09,-18596249.52
2025-05-14,Fuel,11040.84,,-18607290.36
2025-06-25,Credit Card Payment,17389.65,,-18624680.01
2025-04-03,Salary Credited,,11739.18,-18612940.83
2025-01-06,SIP Investment,19641.51,,-18632582.34
2025-06-03,Flight Booking,13639.1,,-18646221.44
2025-03-19,Insurance Premium,12023.08,,-18658244.52
2024-12-26,Credit Card Payment,17852.43,,-18676096.95
2025-02-18,UPI to Zomato,9143.55,,-18685240.5
2025-04-16,UPI to Zomato,778.58,,-18686019.08
2025-04-14,Flight Booking,14846.17,,-18700865.25
2025-05-04,Credit Card Payment,2255.81,,-18703121.06
2025-05-11,Fuel,17807.69,,-18720928.75
2025-06-03,Electricity Bill,19340.26,,-18740269.01
2025-04-01,Insurance Premium,17788.71,,-18758057.72
2025-01-29,Credit Card Payment,19183.44,,-18777241.16
2025-05-26,UPI to Zomato,18592.85,,-18795834.01
2025-04-24,Electricity Bill,8454.06,,-18804288.07
2025-03-04,SIP Investment,17105.91,,-18821393.98
2025-02-19,UPI to Zomato,11387.21,,-18832781.19
2025-03-01,UPI to Zomato,12605.3,,-18845386.49
2025-05-17,Fuel,8549.77,,-18853936.26
2025-04-14,Flight Booking,1212.3,,-18855148.56
2025-01-04,SIP Investment,13243.59,,-18868392.15
2025-06-20,Electricity Bill,2521.7,,-18870913.85
2025-01-29,Insurance Premium,10477.42,,-18881391.27
2025-05-27,SIP Investment,9466.22,,-18890857.49
2025-03-13,Fuel,12574.54,,-18903432.03
2025-01-01,Flight Booking,9862.29,,-18913294.32
2025-03-25,Credit Card Payment,14148.37,,-18927442.69
2025-05-14,Insurance Premium,14108.3,,-18941550.99
2025-01-10,SIP Investment,18536.6,,-18960087.59
2025-05-31,UPI to Zomato,14479.68,,-18974567.27
2025-06-23,Insurance Premium,14695.9,,-18989263.17
2025-04-04,Credit Card Payment,14203.08,,-19003466.25
2024-12-28,Insurance Premium,12465.19,,-19015931.44
2025-01-27,UPI to Zomato,3807.32,,-19019738.76
2025-06-09,Amazon Purchase,962.55,,-19020701.31
2025-03-13,Medical Expense,14409.41,,-19035110.72
2024-12-28,Flight Booking,4519.13,,-19039629.85
2025-03-04,Flight Booking,3121.41,,-19042751.26
2025-02-11,Amazon Purchase,18812.81,,-19061564.07
2025-04-06,Electricity Bill,11223.04,,-19072787.11
2025-06-10,Insurance Premium,3863.28,,-19076650.39
2025-01-07,Medical Expense,19402.25,,-19096052.64
2025-05-11,Medical Expense,4822.59,,-19100875.23
2025-03-24,Insurance Premium,1542.6,,-19102417.83
2025-03-03,Flight Booking,8062.73,,-19110480.56
2025-05-19,Fuel,9474.41,,-19119954.97
2025-05-08,Electricity Bill,12193.05,,-19132148.02
2025-04-03,Medical Expense,15791.43,,-19147939.45
2025-02-13,Flight Booking,6944.55,,-19154884.0
2025-02-15,Credit Card Payment,14550.25,,-19169434.25
2025-04-19,Salary Credited,,12151.98,-19157282.27
2025-03-12,Credit Card Payment,19583.55,,-19176865.82
2025-03-20,Insurance Premium,4643.8,,-19181509.62
2025-03-07,Electricity Bill,12821.73,,-19194331.35
2025-05-23,Salary Credited,,16087.4,-19178243.95
2025-05-04,Salary Credited,,11757.43,-19166486.52
2025-03-10,Salary Credited,,19553.29,-19146933.23
2025-03-30,Fuel,13675.46,,-19160608.69
2025-06-22,Credit Card Payment,8093.52,,-19168702.21
2025-03-10,Salary Credited,,11443.32,-19157258.89
2025-03-03,Electricity Bill,7679.83,,-19164938.72
2024-12-30,Medical Expense,5706.96,,-19170645.68
2025-05-18,Amazon Purchase,13496.91,,-19184142.59
2025-04-30,Salary Credited,,16326.98,-19167815.61
2025-02-13,Medical Expense,12012.05,,-19179827.66
2025-03-21,Credit Card Payment,10560.29,,-19190387.95
2025-02-02,SIP Investment,16228.45,,-19206616.4
2025-04-07,Fuel,2311.01,,-19208927.41
2025-01-01,Fuel,13081.59,,-19222009.0
2025-04-01,Insurance Premium,3510.83,,-19225519.83
2025-04-15,Amazon Purchase,13567.79,,-19239087.62
2025-03-25,Amazon Purchase,7671.64,,-19246759.26
2025-04-16,SIP Investment,6518.31,,-19253277.57
2025-04-13,Electricity Bill,1359.1,,-19254636.67
2025-06-17,Credit Card Payment,11977.73,,-19266614.4
2024-12-27,Flight Booking,3566.36,,-19270180.76
2025-04-08,Amazon Purchase,8642.28,,-19278823.04
2025-05-01,Medical Expense,8940.99,,-19287764.03
2025-01-02,UPI to Zomato,8649.95,,-19296413.98
2025-04-12,Credit Card Payment,8220.03,,-19304634.01
2025-04-19,Fuel,17312.07,,-19321946.08
2025-04-27,Medical Expense,17731.15,,-19339677.23
2025-02-24,Salary Credited,,16492.67,-19323184.56
2025-03-17,UPI to Zomato,12759.06,,-19335943.62
2025-03-01,Electricity Bill,13204.3,,-19349147.92
2025-01-19,Flight Booking,12096.59,,-19361244.51
2025-03-31,Salary Credited,,10076.22,-19351168.29
2025-04-24,Fuel,17559.08,,-19368727.37
2025-01-11,Fuel,10603.29,,-19379330.66
2025-05-28,Fuel,9359.46,,-19388690.12
2025-05-06,Amazon Purchase,11515.97,,-19400206.09
2025-03-03,Flight Booking,12237.99,,-19412444.08
2025-06-24,Credit Card Payment,17032.46,,-19429476.54
2025-03-12,Flight Booking,5476.49,,-19434953.03
2025-06-01,Fuel,4422.07,,-19439375.1
2025-03-10,Amazon Purchase,9484.67,,-19448859.77
2025-03-05,Flight Booking,11224.17,,-19460083.94
2025-04-12,Insurance Premium,7291.03,,-19467374.97
2025-05-09,Medical Expense,19758.33,,-19487133.3
2025-04-02,Medical Expense,7453.5,,-19494586.8
2025-05-29,Amazon Purchase,15377.73,,-19509964.53
2025-02-21,UPI to Zomato,19547.08,,-19529511.61
2025-06-07,Electricity Bill,15346.14,,-19544857.75
2025-03-17,Medical Expense,1955.21,,-19546812.96
2024-12-30,SIP Investment,1726.8,,-19548539.76
2025-05-17,Fuel,18912.47,,-19567452.23
2025-03-25,Flight Booking,11230.18,,-19578682.41
2025-04-13,UPI to Zomato,5107.2,,-19583789.61
2025-01-02,Amazon Purchase,18267.15,,-19602056.76
2025-03-21,Medical Expense,4632.55,,-19606689.31
2025-03-10,Salary Credited,,929.37,-19605759.94
2025-01-17,Flight Booking,16449.14,,-19622209.08
2025-02-19,Medical Expense,4476.92,,-19626686.0
2025-01-31,Credit Card Payment,19809.72,,-19646495.72
2025-04-22,Fuel,19048.3,,-19665544.02
2025-04-27,Insurance Premium,16496.24,,-19682040.26
2025-01-15,Insurance Premium,18694.81,,-19700735.07
2025-02-06,SIP Investment,3048.36,,-19703783.43
2025-05-09,SIP Investment,11061.45,,-19714844.88
2025-05-08,Insurance Premium,3653.55,,-19718498.43
2025-01-06,Amazon Purchase,18339.41,,-19736837.84
2025-04-30,Medical Expense,8628.63,,-19745466.47
2025-02-27,Electricity Bill,8831.76,,-19754298.23
2025-06-25,Salary Credited,,18794.32,-19735503.91
2025-05-02,Fuel,16188.71,,-19751692.62
2025-02-28,Salary Credited,,18368.68,-19733323.94
2024-12-30,Salary Credited,,10013.51,-19723310.43
2025-06-18,Flight Booking,11606.71,,-19734917.14
2025-06-07,SIP Investment,6289.71,,-19741206.85
2025-05-27,UPI to Zomato,12128.42,,-19753335.27
2025-04-28,SIP Investment,12162.4,,-19765497.67
2024-12-29,UPI to Zomato,15273.32,,-19780770.99
2025-03-27,SIP Investment,10919.36,,-19791690.35
2025-01-28,Salary Credited,,8053.99,-19783636.36
2025-06-12,Amazon Purchase,17602.88,,-19801239.24
2025-03-13,Credit Card Payment,3990.39,,-19805229.63
2025-06-25,Medical Expense,6822.49,,-19812052.12
2024-12-30,UPI to Zomato,10472.59,,-19822524.71
2025-06-10,SIP Investment,939.07,,-19823463.78
2025-05-25,Credit Card Payment,17930.74,,-19841394.52
2025-01-08,Salary Credited,,1308.19,-19840086.33
2025-06-07,Amazon Purchase,15461.57,,-19855547.9
2025-06-15,Medical Expense,17774.24,,-19873322.14
2025-01-23,UPI to Zomato,8313.91,,-19881636.05
2025-01-18,Salary Credited,,5138.38,-19876497.67
2025-05-17,Medical Expense,14191.89,,-19890689.56
2025-01-02,Flight Booking,10153.26,,-19900842.82
2025-05-02,Electricity Bill,12288.0,,-19913130.82
2025-05-17,Medical Expense,9907.3,,-19923038.12
2025-02-05,Credit Card Payment,9759.99,,-19932798.11
2025-01-04,Electricity Bill,10639.59,,-19943437.7
2025-06-15,Insurance Premium,11891.38,,-19955329.08
2025-03-11,Insurance Premium,18166.53,,-19973495.61
2025-01-19,Flight Booking,7600.71,,-19981096.32
2025-03-31,Flight Booking,16578.09,,-19997674.41
2025-03-05,Medical Expense,18719.31,,-20016393.72
2025-04-01,Flight Booking,13992.92,,-20030386.64
2025-06-13,Amazon Purchase,16323.27,,-20046709.91
2025-06-23,Medical Expense,13615.97,,-20060325.88
2025-05-19,Salary Credited,,16562.44,-20043763.44
2025-06-20,Medical Expense,2986.8,,-20046750.24
2025-04-30,UPI to Zomato,15626.29,,-20062376.53
2025-03-16,Electricity Bill,16347.28,,-20078723.81
2025-03-12,Electricity Bill,9725.64,,-20088449.45
2025-01-22,UPI to Zomato,19454.17,,-20107903.62
2025-04-04,Insurance Premium,11891.91,,-20119795.53
2024-12-26,SIP Investment,9667.93,,-20129463.46
2025-06-08,Electricity Bill,12248.39,,-20141711.85
2025-03-14,Fuel,1015.96,,-20142727.81
2025-02-09,Insurance Premium,12058.82,,-20154786.63
2025-01-28,Flight Booking,12870.57,,-20167657.2
2024-12-25,Insurance Premium,16133.26,,-20183790.46
2025-01-19,Medical Expense,3896.85,,-20187687.31
2025-03-18,Medical Expense,10634.72,,-20198322.03
2025-06-20,Electricity Bill,3811.46,,-20202133.49
2025-06-09,SIP Investment,13884.46,,-20216017.95
2025-01-29,Salary Credited,,15200.67,-20200817.28
2025-04-20,Amazon Purchase,2553.7,,-20203370.98
2025-04-21,SIP Investment,13021.57,,-20216392.55
2025-01-10,Flight Booking,18729.59,,-20235122.14
2025-01-13,Insurance Premium,8836.69,,-20243958.83
2025-04-20,Fuel,4910.06,,-20248868.89
2025-02-11,Electricity Bill,8155.43,,-20257024.32
2025-03-08,Salary Credited,,9167.92,-20247856.4
2025-03-05,UPI to Zomato,2907.2,,-20250763.6
2025-03-17,SIP Investment,17313.81,,-20268077.41
2025-04-02,Salary Credited,,19965.87,-20248111.54
2025-05-09,UPI to Zomato,6824.24,,-20254935.78
2025-02-11,Flight Booking,8247.0,,-20263182.78
2025-05-22,UPI to Zomato,16552.5,,-20279735.28
2025-01-09,UPI to Zomato,8605.66,,-20288340.94
2025-06-15,Salary Credited,,3437.49,-20284903.45
2025-04-30,Amazon Purchase,3609.49,,-20288512.94
2025-02-12,Insurance Premium,7645.41,,-20296158.35
2025-01-02,Insurance Premium,13929.6,,-20310087.95
2025-01-07,Electricity Bill,5472.3,,-20315560.25
2025-03-16,Amazon Purchase,3899.01,,-20319459.26
2025-05-19,Electricity Bill,8485.01,,-20327944.27
2025-06-14,Credit Card Payment,611.03,,-20328555.3
2025-03-10,Credit Card Payment,5234.17,,-20333789.47
2025-03-10,Amazon Purchase,18350.28,,-20352139.75
2025-06-08,Insurance Premium,8314.77,,-20360454.52
2025-04-16,Amazon Purchase,16315.78,,-20376770.3
2025-06-17,Insurance Premium,17537.84,,-20394308.14
2025-06-09,UPI to Zomato,15061.34,,-20409369.48
2025-03-10,Amazon Purchase,15232.41,,-20424601.89
2025-03-17,Electricity Bill,6423.04,,-20431024.93
2025-06-17,Credit Card Payment,12750.95,,-20443775.88
2025-06-12,Medical Expense,15660.63,,-20459436.51
2025-05-18,Salary Credited,,10540.27,-20448896.24
2025-04-19,Amazon Purchase,6776.65,,-20455672.89
2025-04-08,Credit Card Payment,13792.52,,-20469465.41
2025-02-27,Credit Card Payment,9907.51,,-20479372.92
2024-12-27,Medical Expense,19498.03,,-20498870.95
2025-06-08,Salary Credited,,1791.8,-20497079.15
2025-01-31,Credit Card Payment,1799.95,,-20498879.1
2025-01-26,Credit Card Payment,17178.29,,-20516057.39
2025-03-26,Amazon Purchase,13864.48,,-20529921.87
2025-02-08,Salary Credited,,4854.49,-20525067.38
2025-05-26,Insurance Premium,13976.21,,-20539043.59
2025-06-22,Insurance Premium,14223.77,,-20553267.36
2025-01-23,UPI to Zomato,10951.69,,-20564219.05
2025-02-14,Credit Card Payment,8366.88,,-20572585.93
2025-03-17,Electricity Bill,13696.25,,-20586282.18
2025-01-11,Salary Credited,,5665.48,-20580616.7
2025-02-09,Medical Expense,7371.9,,-20587988.6
2024-12-30,UPI to Zomato,1335.1,,-20589323.7
2025-02-28,Salary Credited,,8560.66,-20580763.04
2025-05-24,Insurance Premium,6488.45,,-20587251.49
2025-05-31,Electricity Bill,16393.04,,-20603644.53
2025-02-07,Salary Credited,,15517.98,-20588126.55
2025-06-04,Electricity Bill,4755.46,,-20592882.01
2025-05-16,Electricity Bill,7692.36,,-20600574.37
2025-06-01,Amazon Purchase,6534.08,,-20607108.45
2025-01-20,UPI to Zomato,1037.84,,-20608146.29
2025-03-27,SIP Investment,15185.69,,-20623331.98
2025-02-26,SIP Investment,4542.37,,-20627874.35
2025-01-03,Medical Expense,10356.81,,-20638231.16
2025-02-24,Insurance Premium,8120.68,,-20646351.84
2025-04-09,Fuel,11471.38,,-20657823.22
2025-01-07,Medical Expense,9840.66,,-20667663.88
2025-03-23,Electricity Bill,13111.18,,-20680775.06
2025-01-13,Salary Credited,,746.37,-20680028.69
2025-04-03,Salary Credited,,500.71,-20679527.98
2025-02-26,Credit Card Payment,6710.4,,-20686238.38
2025-01-05,SIP Investment,6837.0,,-20693075.38
2025-02-07,Medical Expense,9201.35,,-20702276.73
2025-01-31,SIP Investment,17926.96,,-20720203.69
2025-01-13,Medical Expense,14569.54,,-20734773.23
2025-03-13,Medical Expense,1419.2,,-20736192.43
2025-04-04,Insurance Premium,6063.11,,-20742255.54
2025-06-24,Medical Expense,4664.26,,-20746919.8
2025-04-17,Flight Booking,13870.0,,-20760789.8
2025-05-02,SIP Investment,14037.21,,-20774827.01
2025-05-24,Flight Booking,2328.11,,-20777155.12
2025-06-04,Insurance Premium,19549.35,,-20796704.47
2025-05-27,Credit Card Payment,19878.73,,-20816583.2
2025-04-28,Amazon Purchase,5506.85,,-20822090.05
2025-05-10,Flight Booking,11131.84,,-20833221.89
2025-02-21,Amazon Purchase,11120.09,,-20844341.98
2025-06-14,Credit Card Payment,11322.46,,-20855664.44
2025-04-07,Amazon Purchase,14217.91,,-20869882.35
2024-12-26,Credit Card Payment,19683.91,,-20889566.26
2025-02-01,Credit Card Payment,16231.51,,-20905797.77
2025-06-23,Salary Credited,,18019.85,-20887777.92
2025-05-31,Fuel,3599.13,,-20891377.05
2025-03-26,Credit Card Payment,14042.69,,-20905419.74
2025-02-17,SIP Investment,1626.25,,-20907045.99
2025-05-24,SIP Investment,15585.48,,-20922631.47
2025-06-25,UPI to Zomato,17267.26,,-20939898.73
2025-01-23,Flight Booking,14298.84,,-20954197.57
2025-04-17,Salary Credited,,7125.13,-20947072.44
2025-01-17,Fuel,4924.65,,-20951997.09
2025-05-22,Electricity Bill,10345.43,,-20962342.52
2025-01-18,Salary Credited,,11433.04,-20950909.48
2025-04-08,Medical Expense,2917.44,,-20953826.92
2025-03-06,Salary Credited,,3146.92,-20950680.0
2025-02-04,Medical Expense,8599.08,,-20959279.08
2025-03-25,Amazon Purchase,15634.46,,-20974913.54
2025-04-14,SIP Investment,17198.57,,-20992112.11
2025-05-14,UPI to Zomato,17570.3,,-21009682.41
2025-05-14,SIP Investment,13038.17,,-21022720.58
2024-12-26,Insurance Premium,11153.14,,-21033873.72
2025-01-23,SIP Investment,1118.67,,-21034992.39
2025-05-13,Insurance Premium,15230.62,,-21050223.01
2025-04-11,Amazon Purchase,7908.9,,-21058131.91
2025-04-05,Flight Booking,17518.43,,-21075650.34
2025-04-18,Insurance Premium,5752.68,,-21081403.02
2025-05-09,SIP Investment,5717.31,,-21087120.33
2025-06-22,SIP Investment,12251.48,,-21099371.81
2025-05-27,Medical Expense,18878.76,,-21118250.57
2025-04-29,UPI to Zomato,15025.68,,-21133276.25
2025-04-27,Flight Booking,2904.86,,-21136181.11
2025-06-16,UPI to Zomato,3702.33,,-21139883.44
2025-04-19,Electricity Bill,6228.58,,-21146112.02
2025-06-09,Electricity Bill,3201.99,,-21149314.01
2025-03-17,Fuel,3811.52,,-21153125.53
2025-04-20,Flight Booking,14950.63,,-21168076.16
2025-03-27,Medical Expense,8725.24,,-21176801.4
2025-02-09,Salary Credited,,19767.98,-21157033.42
2025-03-20,Flight Booking,11377.04,,-21168410.46
2025-02-02,Fuel,12900.04,,-21181310.5
2024-12-25,Salary Credited,,6644.37,-21174666.13
2025-05-28,Credit Card Payment,989.9,,-21175656.03
2025-01-19,Flight Booking,14360.84,,-21190016.87
2025-02-02,Fuel,19320.73,,-21209337.6
2025-01-05,Flight Booking,13957.79,,-21223295.39
2025-05-29,Flight Booking,14487.65,,-21237783.04
2025-05-27,Amazon Purchase,10944.63,,-21248727.67
2025-03-09,Amazon Purchase,3556.78,,-21252284.45
2024-12-30,Credit Card Payment,5145.67,,-21257430.12
2025-04-28,Fuel,12272.0,,-21269702.12
2025-01-29,Credit Card Payment,5782.22,,-21275484.34
2025-01-08,Insurance Premium,1666.52,,-21277150.86
2024-12-28,Salary Credited,,18893.96,-21258256.9
2025-04-22,Fuel,10230.11,,-21268487.01
2025-05-03,Electricity Bill,5867.76,,-21274354.77
2025-03-28,Fuel,18494.01,,-21292848.78
2025-05-03,UPI to Zomato,11726.24,,-21304575.02
2025-03-11,Amazon Purchase,3029.53,,-21307604.55
2025-06-22,Credit Card Payment,13176.99,,-21320781.54
2025-04-10,Electricity Bill,11018.99,,-21331800.53
2025-01-14,Flight Booking,14327.79,,-21346128.32
2025-06-07,Electricity Bill,19777.89,,-21365906.21
2025-03-05,Amazon Purchase,17705.8,,-21383612.01
2025-06-07,Salary Credited,,9482.14,-21374129.87
2025-03-23,Credit Card Payment,6188.01,,-21380317.88
2025-06-19,UPI to Zomato,16422.23,,-21396740.11
2025-01-27,Credit Card Payment,6515.63,,-21403255.74
2025-05-02,Credit Card Payment,13176.48,,-21416432.22
2025-06-24,Fuel,6707.15,,-21423139.37
2025-06-21,Fuel,19430.62,,-21442569.99
2025-04-13,Medical Expense,1844.07,,-21444414.06
2025-05-18,SIP Investment,18967.24,,-21463381.3
2025-04-03,Salary Credited,,10678.17,-21452703.13
2025-04-23,Medical Expense,7331.95,,-21460035.08
2025-02-25,Credit Card Payment,1451.07,,-21461486.15
2025-04-26,Insurance Premium,2480.54,,-21463966.69
2025-04-24,Flight Booking,16155.0,,-21480121.69
2025-04-25,Amazon Purchase,17224.74,,-21497346.43
2025-03-09,SIP Investment,10995.06,,-21508341.49
2025-04-13,Medical Expense,6307.32,,-21514648.81
2025-06-06,Credit Card Payment,4901.96,,-21519550.77
2025-04-17,Salary Credited,,4334.13,-21515216.64
2025-03-19,Flight Booking,6439.0,,-21521655.64
2025-05-16,Flight Booking,14197.78,,-21535853.42
2025-05-28,UPI to Zomato,17690.18,,-21553543.6
2025-02-01,Medical Expense,16404.71,,-21569948.31
2025-06-21,Flight Booking,2128.11,,-21572076.42
2025-03-16,UPI to Zomato,7089.88,,-21579166.3
2025-03-29,Credit Card Payment,623.45,,-21579789.75
2025-02-22,Credit Card Payment,14199.47,,-21593989.22
2025-01-08,Credit Card Payment,11825.41,,-21605814.63
2025-03-01,Credit Card Payment,9403.55,,-21615218.18
2025-04-26,Amazon Purchase,16756.48,,-21631974.66
2025-04-20,Flight Booking,11595.14,,-21643569.8
2025-01-30,UPI to Zomato,6778.43,,-21650348.23
2025-05-17,Medical Expense,3941.61,,-21654289.84
2025-02-10,Credit Card Payment,19543.05,,-21673832.89
2025-05-15,Salary Credited,,996.89,-21672836.0
2024-12-28,Fuel,19169.03,,-21692005.03
2025-05-21,Flight Booking,6850.16,,-21698855.19
2025-02-01,Flight Booking,14261.93,,-21713117.12
2025-01-19,UPI to Zomato,18986.04,,-21732103.16
2025-04-10,Fuel,11077.33,,-21743180.49
2025-05-07,SIP Investment,16549.88,,-21759730.37
2024-12-25,Amazon Purchase,743.3,,-21760473.67
2025-03-18,Salary Credited,,9008.61,-21751465.06
2025-04-08,Credit Card Payment,4413.03,,-21755878.09
2025-04-07,UPI to Zomato,10859.03,,-21766737.12
2025-05-19,Amazon Purchase,2856.31,,-21769593.43
2025-03-18,Electricity Bill,12108.76,,-21781702.19
2025-06-02,Amazon Purchase,11321.71,,-21793023.9
2025-04-18,Electricity Bill,6868.84,,-21799892.74
2025-06-22,UPI to Zomato,14515.0,,-21814407.74
2025-03-14,Electricity Bill,16739.0,,-21831146.74
2025-04-14,Flight Booking,13999.32,,-21845146.06
2025-05-01,Fuel,6225.82,,-21851371.88
2025-01-31,UPI to Zomato,8308.31,,-21859680.19
2025-06-17,Insurance Premium,10559.27,,-21870239.46
2025-04-05,UPI to Zomato,16244.28,,-21886483.74
2025-01-17,Electricity Bill,5562.44,,-21892046.18
2025-03-20,Fuel,18501.38,,-21910547.56
2025-01-20,Flight Booking,5786.53,,-21916334.09
2025-06-05,UPI to Zomato,3291.54,,-21919625.63
2025-02-22,Insurance Premium,13080.71,,-21932706.34
2025-05-09,SIP Investment,12220.07,,-21944926.41
2025-05-07,Flight Booking,12947.84,,-21957874.25
2025-04-23,Insurance Premium,17681.75,,-21975556.0
2025-04-07,Salary Credited,,5987.93,-21969568.07
2025-05-26,Credit Card Payment,5387.04,,-21974955.11
2025-05-15,Salary Credited,,13050.72,-21961904.39
2025-04-13,Medical Expense,12008.46,,-21973912.85
2025-05-21,Credit Card Payment,8952.38,,-21982865.23
2025-03-09,Insurance Premium,14469.77,,-21997335.0
2025-04-09,Credit Card Payment,13124.64,,-22010459.64
2025-06-18,SIP Investment,11735.29,,-22022194.93
2025-06-23,Electricity Bill,3380.28,,-22025575.21
2025-04-30,Medical Expense,13483.97,,-22039059.18
2025-02-17,Electricity Bill,11534.66,,-22050593.84
2025-03-21,Flight Booking,12864.12,,-22063457.96
2025-04-10,Salary Credited,,2986.42,-22060471.54
2025-03-13,Fuel,3221.75,,-22063693.29
2024-12-28,Salary Credited,,18508.48,-22045184.81
2025-03-30,Insurance Premium,17776.51,,-22062961.32
2025-06-07,Credit Card Payment,1719.36,,-22064680.68
2025-03-31,SIP Investment,16271.71,,-22080952.39
2025-05-28,Fuel,4368.12,,-22085320.51
2025-01-22,Fuel,14244.92,,-22099565.43
2025-03-26,UPI to Zomato,17044.65,,-22116610.08
2025-05-24,Amazon Purchase,15089.96,,-22131700.04
2025-04-13,Amazon Purchase,2080.59,,-22133780.63
2025-05-28,UPI to Zomato,11318.69,,-22145099.32
2025-01-18,Credit Card Payment,8874.58,,-22153973.9
2025-03-29,UPI to Zomato,7683.91,,-22161657.81
2025-03-19,Amazon Purchase,9700.65,,-22171358.46
2025-02-20,Fuel,10625.66,,-22181984.12
2025-06-20,Credit Card Payment,3806.63,,-22185790.75
2025-04-22,Amazon Purchase,15527.96,,-22201318.71
2025-04-25,Amazon Purchase,12229.05,,-22213547.76
2025-02-05,Electricity Bill,16016.3,,-22229564.06
2025-03-10,Insurance Premium,670.68,,-22230234.74
2025-02-25,Fuel,7264.44,,-22237499.18
2025-03-01,Fuel,17730.74,,-22255229.92
2025-04-24,Insurance Premium,11434.3,,-22266664.22
2025-01-24,UPI to Zomato,5139.35,,-22271803.57
2025-02-14,Credit Card Payment,16739.31,,-22288542.88
2025-02-03,Insurance Premium,16958.86,,-22305501.74
2025-03-30,Insurance Premium,6526.3,,-22312028.04
2025-03-21,Insurance Premium,2924.16,,-22314952.2
2025-03-01,UPI to Zomato,9197.13,,-22324149.33
2025-04-17,Electricity Bill,5227.79,,-22329377.12
2025-04-28,Salary Credited,,7819.98,-22321557.14
2025-06-20,Fuel,16982.38,,-22338539.52
2025-06-08,Amazon Purchase,1217.34,,-22339756.86
2024-12-28,UPI to Zomato,1204.22,,-22340961.08
2025-05-10,Insurance Premium,9707.11,,-22350668.19
2025-06-15,Flight Booking,6456.91,,-22357125.1
2025-03-20,Fuel,4665.66,,-22361790.76
2024-12-28,Salary Credited,,3420.62,-22358370.14
2025-03-24,Credit Card Payment,3578.52,,-22361948.66
2025-06-05,Insurance Premium,8924.58,,-22370873.24
2025-05-10,SIP Investment,6995.09,,-22377868.33
2025-01-11,Medical Expense,2178.17,,-22380046.5
2025-03-12,Fuel,12278.57,,-22392325.07
2025-03-18,Fuel,14667.38,,-22406992.45
2025-05-01,Fuel,4966.88,,-22411959.33
2025-01-23,Insurance Premium,7092.82,,-22419052.15
2025-03-12,Credit Card Payment,6840.81,,-22425892.96
2025-04-18,SIP Investment,19288.12,,-22445181.08
2025-04-15,SIP Investment,3244.82,,-22448425.9
2025-03-24,Medical Expense,16110.3,,-22464536.2
2024-12-26,Amazon Purchase,2097.04,,-22466633.24
2025-04-07,SIP Investment,3498.85,,-22470132.09
2025-04-13,Flight Booking,18021.64,,-22488153.73
2025-03-25,SIP Investment,15969.74,,-22504123.47
2025-05-24,Salary Credited,,15108.4,-22489015.07
2025-06-04,Electricity Bill,3411.12,,-22492426.19
2025-02-03,Electricity Bill,11416.45,,-22503842.64
2025-06-15,Amazon Purchase,9534.68,,-22513377.32
2025-01-31,Medical Expense,10753.32,,-22524130.64
2025-03-16,Credit Card Payment,17534.3,,-22541664.94
2025-06-15,Fuel,6966.47,,-22548631.41
2025-04-23,Medical Expense,2155.05,,-22550786.46
2025-06-16,Amazon Purchase,8487.9,,-22559274.36
2025-06-25,Electricity Bill,4859.25,,-22564133.61
2025-04-04,Flight Booking,16379.66,,-22580513.27
2025-06-18,SIP Investment,2176.41,,-22582689.68
2025-06-09,Flight Booking,19768.67,,-22602458.35
2025-05-12,Electricity Bill,12704.21,,-22615162.56
2025-03-10,Flight Booking,647.45,,-22615810.01
2025-02-06,Fuel,10611.7,,-22626421.71
2025-01-03,Insurance Premium,6841.48,,-22633263.19
2025-06-17,SIP Investment,2267.24,,-22635530.43
2025-04-07,Medical Expense,1878.48,,-22637408.91
2024-12-29,Insurance Premium,16642.74,,-22654051.65
2025-06-25,Electricity Bill,1115.36,,-22655167.01
2025-03-27,Amazon Purchase,17851.45,,-22673018.46
2025-06-11,Electricity Bill,3563.77,,-22676582.23
2025-06-14,Salary Credited,,10176.72,-22666405.51
2025-02-15,Electricity Bill,7931.99,,-22674337.5
2025-04-04,Amazon Purchase,15483.91,,-22689821.41
2025-04-30,SIP Investment,18659.98,,-22708481.39
2024-12-25,Salary Credited,,19774.24,-22688707.15
2025-03-25,Amazon Purchase,9550.03,,-22698257.18
2025-01-07,Salary Credited,,4437.86,-22693819.32
2025-05-15,Salary Credited,,13053.02,-22680766.3
2025-03-31,Insurance Premium,3954.13,,-22684720.43
2025-03-30,SIP Investment,11833.41,,-22696553.84
2025-01-07,Salary Credited,,14257.69,-22682296.15
2025-05-27,Amazon Purchase,3540.56,,-22685836.71
2025-03-13,Amazon Purchase,1615.35,,-22687452.06
2025-06-05,Salary Credited,,2617.96,-22684834.1
2025-03-02,Insurance Premium,16803.9,,-22701638.0
2025-01-22,Credit Card Payment,566.93,,-22702204.93
2025-02-13,Salary Credited,,2242.04,-22699962.89
2025-01-28,Amazon Purchase,1441.04,,-22701403.93
2025-05-04,SIP Investment,1880.25,,-22703284.18
2025-01-23,SIP Investment,4404.8,,-22707688.98
2025-05-05,UPI to Zomato,11908.5,,-22719597.48
2025-01-02,UPI to Zomato,3333.24,,-22722930.72
2025-01-24,UPI to Zomato,10766.92,,-22733697.64
2025-03-26,SIP Investment,17193.88,,-22750891.52
2025-04-15,Flight Booking,8318.0,,-22759209.52
2025-05-25,Medical Expense,1725.1,,-22760934.62
2025-01-21,Amazon Purchase,6284.34,,-22767218.96
2025-01-19,Fuel,16710.46,,-22783929.42
2025-05-18,Amazon Purchase,16919.82,,-22800849.24
2025-02-08,Electricity Bill,11423.36,,-22812272.6
2025-01-16,Flight Booking,3226.44,,-22815499.04
2025-03-27,Flight Booking,15958.24,,-22831457.28
2025-03-09,Salary Credited,,9501.87,-22821955.41
2025-04-29,Salary Credited,,13164.27,-22808791.14
2025-06-18,Flight Booking,2819.56,,-22811610.7
2025-03-06,Insurance Premium,13920.51,,-22825531.21
2025-06-07,Salary Credited,,2964.87,-22822566.34
2025-06-19,SIP Investment,16204.28,,-22838770.62
2025-05-17,Amazon Purchase,14369.32,,-22853139.94
2025-02-12,Amazon Purchase,5513.81,,-22858653.75
2025-02-09,SIP Investment,15553.6,,-22874207.35
2025-01-02,Medical Expense,16355.82,,-22890563.17
2025-05-30,UPI to Zomato,3025.76,,-22893588.93
2025-02-06,Credit Card Payment,13538.76,,-22907127.69
2025-02-21,SIP Investment,607.24,,-22907734.93
2025-06-16,Flight Booking,11631.76,,-22919366.69
2025-01-02,Flight Booking,2249.7,,-22921616.39
2025-03-30,Fuel,2616.29,,-22924232.68
2024-12-29,UPI to Zomato,10776.04,,-22935008.72
2024-12-28,Insurance Premium,9558.5,,-22944567.22
2025-06-11,Flight Booking,6764.3,,-22951331.52
2025-04-20,SIP Investment,14477.16,,-22965808.68
2025-06-11,SIP Investment,15419.69,,-22981228.37
2025-05-08,SIP Investment,5859.26,,-22987087.63
2025-04-15,Salary Credited,,13567.5,-22973520.13
2025-03-21,Credit Card Payment,15521.66,,-22989041.79
2025-06-20,Amazon Purchase,7301.4,,-22996343.19
2025-06-07,Medical Expense,6048.18,,-23002391.37
2025-04-27,Flight Booking,10262.4,,-23012653.77
2025-04-26,Flight Booking,14507.61,,-23027161.38
2025-03-11,Salary Credited,,2267.7,-23024893.68
2025-05-15,Fuel,6338.08,,-23031231.76
2025-04-07,Credit Card Payment,6135.8,,-23037367.56
2025-01-20,UPI to Zomato,17160.52,,-23054528.08
2025-01-25,Salary Credited,,1450.58,-23053077.5
2025-03-14,Credit Card Payment,8487.92,,-23061565.42
2025-03-18,Salary Credited,,14314.42,-23047251.0
2025-04-29,Medical Expense,1211.22,,-23048462.22
2025-02-02,Fuel,14166.04,,-23062628.26
2025-03-06,UPI to Zomato,7999.5,,-23070627.76
2025-01-20,UPI to Zomato,16711.32,,-23087339.08
2025-06-03,Fuel,7592.22,,-23094931.3
2025-04-21,Salary Credited,,5497.64,-23089433.66
2025-03-11,Medical Expense,13328.56,,-23102762.22
2024-12-25,Credit Card Payment,9270.56,,-23112032.78
2025-04-25,Credit Card Payment,7738.38,,-23119771.16
2025-02-13,Fuel,10585.84,,-23130357.0
2025-05-14,Electricity Bill,10483.12,,-23140840.12
2025-06-19,Flight Booking,12243.04,,-23153083.16
2025-04-16,SIP Investment,19168.17,,-23172251.33
2025-05-28,Amazon Purchase,4703.13,,-23176954.46
2025-05-02,Salary Credited,,12242.09,-23164712.37
2025-06-11,Fuel,1814.21,,-23166526.58
2025-05-16,Electricity Bill,7552.69,,-23174079.27
2025-05-01,Medical Expense,1587.29,,-23175666.56
2025-06-24,Salary Credited,,18978.07,-23156688.49
2025-02-05,SIP Investment,7388.72,,-23164077.21
2025-06-09,Salary Credited,,15457.65,-23148619.56
2025-02-16,SIP Investment,6712.2,,-23155331.76
2025-02-23,Amazon Purchase,1050.18,,-23156381.94
2025-06-11,Fuel,15943.31,,-23172325.25
2025-03-29,Medical Expense,5636.09,,-23177961.34
2025-05-17,Flight Booking,18047.13,,-23196008.47
2025-05-05,Insurance Premium,4220.04,,-23200228.51
2025-05-21,Salary Credited,,8157.24,-23192071.27
2025-05-16,Medical Expense,3752.18,,-23195823.45
2025-01-11,SIP Investment,5686.1,,-23201509.55
2025-05-29,Insurance Premium,711.79,,-23202221.34
2025-05-24,Insurance Premium,4685.49,,-23206906.83
2025-06-24,Fuel,19685.35,,-23226592.18
2025-05-06,SIP Investment,14519.51,,-23241111.69
2025-02-23,Amazon Purchase,12828.84,,-23253940.53
2025-04-08,SIP Investment,13680.5,,-23267621.03
2025-03-08,Insurance Premium,9615.93,,-23277236.96
2025-02-14,Insurance Premium,5582.09,,-23282819.05
2025-04-22,Insurance Premium,13436.62,,-23296255.67
2025-05-24,UPI to Zomato,16273.83,,-23312529.5
2025-01-06,Insurance Premium,1604.4,,-23314133.9
2025-01-08,Medical Expense,4776.1,,-23318910.0
2025-01-20,SIP Investment,18717.56,,-23337627.56
2025-02-04,Credit Card Payment,8837.89,,-23346465.45
2025-03-16,Credit Card Payment,8302.1,,-23354767.55
2025-01-07,Insurance Premium,6260.13,,-23361027.68
2025-06-12,Salary Credited,,1758.13,-23359269.55
2025-06-04,Electricity Bill,15780.04,,-23375049.59
2025-04-30,Credit Card Payment,8534.07,,-23383583.66
2025-06-03,Salary Credited,,18784.28,-23364799.38
2025-01-12,Flight Booking,2048.27,,-23366847.65
2025-05-13,Flight Booking,9981.92,,-23376829.57
2025-02-01,Insurance Premium,8943.3,,-23385772.87
2025-01-01,UPI to Zomato,15126.41,,-23400899.28
2025-06-25,Medical Expense,7150.96,,-23408050.24
2025-03-22,Credit Card Payment,11237.77,,-23419288.01
2025-06-02,Electricity Bill,14331.4,,-23433619.41
2025-04-20,Electricity Bill,5379.42,,-23438998.83
2025-02-11,Salary Credited,,9667.83,-23429331.0
2025-06-11,Salary Credited,,5271.24,-23424059.76
2025-05-20,Electricity Bill,4858.97,,-23428918.73
2025-03-28,Electricity Bill,15715.58,,-23444634.31
2025-04-29,Insurance Premium,7844.24,,-23452478.55
2025-06-25,Insurance Premium,2671.42,,-23455149.97
2025-02-28,Flight Booking,19344.79,,-23474494.76
2025-01-31,Flight Booking,4694.4,,-23479189.16
2025-05-20,Amazon Purchase,7815.66,,-23487004.82
2025-04-07,Amazon Purchase,8260.32,,-23495265.14
2025-02-17,Fuel,4423.46,,-23499688.6
2025-04-25,Medical Expense,5238.01,,-23504926.61
2025-01-04,SIP Investment,5613.61,,-23510540.22
2025-04-12,UPI to Zomato,6916.77,,-23517456.99
2025-01-12,UPI to Zomato,19012.58,,-23536469.57
2025-05-18,Electricity Bill,4790.99,,-23541260.56
2025-01-21,Medical Expense,3735.51,,-23544996.07
2025-02-07,Flight Booking,8547.75,,-23553543.82
2025-01-22,Credit Card Payment,5947.0,,-23559490.82
2025-02-04,Flight Booking,19251.71,,-23578742.53
2025-05-05,UPI to Zomato,9150.32,,-23587892.85
2025-03-19,Fuel,8593.73,,-23596486.58
2025-01-06,Electricity Bill,2937.64,,-23599424.22
2025-05-15,Credit Card Payment,5675.23,,-23605099.45
2025-03-19,Salary Credited,,5752.6,-23599346.85
2024-12-30,Flight Booking,15966.68,,-23615313.53
2025-04-18,Amazon Purchase,9985.04,,-23625298.57
2025-02-04,Flight Booking,15279.06,,-23640577.63
2025-03-27,Credit Card Payment,14824.9,,-23655402.53
2025-01-09,Amazon Purchase,5678.72,,-23661081.25
2025-06-23,SIP Investment,18236.96,,-23679318.21
2025-04-01,Credit Card Payment,7979.24,,-23687297.45
2025-06-02,SIP Investment,13267.52,,-23700564.97
2025-04-20,Flight Booking,15449.33,,-23716014.3
2025-06-03,Insurance Premium,671.7,,-23716686.0
2025-01-20,Salary Credited,,5410.92,-23711275.08
2025-03-11,Insurance Premium,1498.82,,-23712773.9
2025-05-17,Medical Expense,17669.66,,-23730443.56
2025-03-04,SIP Investment,2560.47,,-23733004.03
2025-01-02,Fuel,10028.34,,-23743032.37
2025-01-05,SIP Investment,9980.21,,-23753012.58
2025-01-12,Medical Expense,1641.58,,-23754654.16
2025-04-28,Fuel,8726.23,,-23763380.39
2025-02-26,Medical Expense,14211.89,,-23777592.28
2025-03-11,UPI to Zomato,11472.66,,-23789064.94
2025-06-09,Electricity Bill,2757.22,,-23791822.16
2025-03-18,Fuel,11422.28,,-23803244.44
2025-01-23,SIP Investment,16691.48,,-23819935.92
2025-05-27,Fuel,831.62,,-23820767.54
2024-12-27,Medical Expense,8544.52,,-23829312.06
2025-01-19,Flight Booking,7663.26,,-23836975.32
2025-04-30,Insurance Premium,3600.76,,-23840576.08
2025-04-27,Salary Credited,,11528.66,-23829047.42
2025-06-24,Amazon Purchase,12183.79,,-23841231.21
2025-01-11,Fuel,8218.22,,-23849449.43
2025-01-13,Credit Card Payment,5361.43,,-23854810.86
2025-01-13,SIP Investment,3454.44,,-23858265.3
2025-02-25,Medical Expense,18961.56,,-23877226.86
2025-06-22,SIP Investment,6927.98,,-23884154.84
2025-03-25,Fuel,8435.68,,-23892590.52
2025-03-09,Credit Card Payment,15773.35,,-23908363.87
2025-01-29,Flight Booking,12613.49,,-23920977.36
2025-04-15,Salary Credited,,4914.63,-23916062.73
2025-06-08,UPI to Zomato,5233.74,,-23921296.47
2025-03-29,Flight Booking,8627.98,,-23929924.45
2025-06-02,SIP Investment,7001.09,,-23936925.54
2025-03-29,Insurance Premium,15809.08,,-23952734.62
2025-04-28,Medical Expense,12626.55,,-23965361.17
2025-04-03,Flight Booking,13470.89,,-23978832.06
2024-12-28,Fuel,6950.96,,-23985783.02
2025-05-10,Flight Booking,4455.22,,-23990238.24
2025-04-05,Fuel,9521.36,,-23999759.6
2025-01-04,Fuel,16241.84,,-24016001.44
2025-04-03,Fuel,10864.34,,-24026865.78
2025-06-03,Medical Expense,13398.89,,-24040264.67
2025-02-18,Flight Booking,13898.8,,-24054163.47
2025-06-20,Salary Credited,,10547.9,-24043615.57
2025-04-04,Flight Booking,10821.77,,-24054437.34
2025-02-27,Electricity Bill,7465.46,,-24061902.8
2025-02-22,UPI to Zomato,1975.84,,-24063878.64
2025-06-12,Amazon Purchase,12478.12,,-24076356.76
2025-06-06,Medical Expense,11309.22,,-24087665.98
2025-02-25,UPI to Zomato,4401.56,,-24092067.54
2025-02-10,Fuel,7362.98,,-24099430.52
2025-05-11,Credit Card Payment,1580.27,,-24101010.79
2025-05-06,Flight Booking,13679.54,,-24114690.33
2025-03-04,SIP Investment,19074.32,,-24133764.65
2025-04-26,Amazon Purchase,14412.27,,-24148176.92
2025-01-16,Credit Card Payment,18312.65,,-24166489.57
2025-03-08,Flight Booking,3596.3,,-24170085.87
2025-03-24,Medical Expense,11088.63,,-24181174.5
2025-05-17,Fuel,989.52,,-24182164.02
2025-06-09,Electricity Bill,15126.71,,-24197290.73
2025-06-23,Insurance Premium,18291.66,,-24215582.39
2025-02-21,Credit Card Payment,11308.48,,-24226890.87
2025-06-25,UPI to Zomato,3895.75,,-24230786.62
2025-03-25,UPI to Zomato,7513.34,,-24238299.96
2025-06-14,Medical Expense,1283.67,,-24239583.63
2025-02-14,Flight Booking,16671.4,,-24256255.03
2025-01-14,Fuel,12157.54,,-24268412.57
2025-03-06,Insurance Premium,1660.26,,-24270072.83
2025-02-13,Insurance Premium,18036.76,,-24288109.59
2025-05-29,Flight Booking,19076.66,,-24307186.25
2025-03-07,UPI to Zomato,7088.69,,-24314274.94
2025-03-01,Fuel,8768.95,,-24323043.89
2025-02-08,UPI to Zomato,7757.25,,-24330801.14
2025-01-21,Flight Booking,10267.73,,-24341068.87
2025-06-14,Medical Expense,11094.0,,-24352162.87
2025-04-19,Electricity Bill,15277.8,,-24367440.67
2025-02-26,Medical Expense,8522.26,,-24375962.93
2025-05-17,Amazon Purchase,18400.31,,-24394363.24
2025-03-15,Medical Expense,5237.76,,-24399601.0
2025-05-12,UPI to Zomato,18040.0,,-24417641.0
2025-05-20,SIP Investment,13696.62,,-24431337.62
2025-01-08,SIP Investment,9776.37,,-24441113.99
2025-05-07,UPI to Zomato,8451.43,,-24449565.42
2025-06-11,Amazon Purchase,18077.94,,-24467643.36
2025-01-03,Credit Card Payment,4487.52,,-24472130.88
2025-01-06,Fuel,6420.07,,-24478550.95
2025-03-21,Insurance Premium,3222.9,,-24481773.85
2025-05-17,Fuel,10186.91,,-24491960.76
2025-02-28,UPI to Zomato,4058.63,,-24496019.39
2025-04-19,Flight Booking,11138.91,,-24507158.3
2025-02-24,Electricity Bill,16430.21,,-24523588.51
2025-06-15,Amazon Purchase,18315.74,,-24541904.25
2025-01-28,UPI to Zomato,11999.56,,-24553903.81
2025-02-15,Amazon Purchase,5700.13,,-24559603.94
2025-06-21,Medical Expense,13461.93,,-24573065.87
2025-04-06,Amazon Purchase,13762.13,,-24586828.0
2025-03-13,Amazon Purchase,17205.94,,-24604033.94
2025-05-31,UPI to Zomato,14952.93,,-24618986.87
2025-06-09,UPI to Zomato,6810.82,,-24625797.69
2025-01-07,Credit Card Payment,2193.01,,-24627990.7
2025-01-30,Insurance Premium,6133.08,,-24634123.78
2025-02-03,Medical Expense,14079.91,,-24648203.69
2025-01-10,Flight Booking,11802.66,,-24660006.35
2025-02-27,Credit Card Payment,10351.68,,-24670358.03
2025-06-24,Electricity Bill,4090.52,,-24674448.55
2025-06-10,Fuel,9290.47,,-24683739.02
2025-06-17,Salary Credited,,19585.96,-24664153.06
2025-04-22,Amazon Purchase,10259.37,,-24674412.43
2025-04-28,Electricity Bill,11540.23,,-24685952.66
2025-03-17,SIP Investment,7558.66,,-24693511.32
2025-02-24,SIP Investment,6404.88,,-24699916.2
2025-01-21,SIP Investment,8820.37,,-24708736.57
2025-01-14,Fuel,9316.9,,-24718053.47
2025-03-09,UPI to Zomato,6423.13,,-24724476.6
2025-06-24,UPI to Zomato,2093.58,,-24726570.18
2025-04-04,Fuel,17224.13,,-24743794.31
2025-05-16,Flight Booking,13795.77,,-24757590.08
2025-05-15,Credit Card Payment,638.82,,-24758228.9
2025-05-02,Medical Expense,6678.98,,-24764907.88
2025-01-18,Salary Credited,,5753.5,-24759154.38
2025-02-08,Electricity Bill,16701.92,,-24775856.3
2025-03-27,Fuel,12420.84,,-24788277.14
2025-04-28,UPI to Zomato,17802.48,,-24806079.62
2025-02-05,Medical Expense,14684.41,,-24820764.03
2025-01-18,Amazon Purchase,18744.39,,-24839508.42
2025-01-18,UPI to Zomato,12134.03,,-24851642.45
2025-01-08,Electricity Bill,6707.69,,-24858350.14
2024-12-28,Salary Credited,,13299.9,-24845050.24
2025-01-11,Electricity Bill,3049.12,,-24848099.36
2025-02-02,Medical Expense,19590.58,,-24867689.94
2025-02-18,Flight Booking,11534.6,,-24879224.54
2024-12-30,Electricity Bill,4359.19,,-24883583.73
2025-06-01,SIP Investment,13525.43,,-24897109.16
2025-06-07,Medical Expense,6786.77,,-24903895.93
2025-06-12,Fuel,9529.6,,-24913425.53
2025-01-28,Medical Expense,19616.83,,-24933042.36
2025-01-29,Medical Expense,14750.1,,-24947792.46
2025-03-06,Fuel,3161.68,,-24950954.14
2025-04-17,Credit Card Payment,10768.8,,-24961722.94
2025-05-06,SIP Investment,16609.01,,-24978331.95
2025-03-28,Salary Credited,,18728.7,-24959603.25
2024-12-29,Salary Credited,,11986.25,-24947617.0
2025-03-14,Flight Booking,8748.18,,-24956365.18
2025-01-31,Insurance Premium,10850.66,,-24967215.84
2025-02-02,Flight Booking,3253.43,,-24970469.27
2025-01-03,Salary Credited,,15554.95,-24954914.32
2025-03-25,Insurance Premium,9273.49,,-24964187.81
2025-04-02,SIP Investment,529.27,,-24964717.08
2025-03-02,Credit Card Payment,16171.97,,-24980889.05
2025-03-07,Flight Booking,10255.17,,-24991144.22
2025-02-25,Credit Card Payment,16492.04,,-25007636.26
2025-06-19,Amazon Purchase,12759.39,,-25020395.65
2025-04-28,Credit Card Payment,1215.79,,-25021611.44
2025-05-03,Insurance Premium,6564.62,,-25028176.06
2025-03-14,Fuel,17154.44,,-25045330.5
2025-01-25,Insurance Premium,16820.06,,-25062150.56
2025-04-08,Amazon Purchase,17208.52,,-25079359.08
2025-03-15,Medical Expense,4296.68,,-25083655.76
2025-02-27,Amazon Purchase,5683.61,,-25089339.37
2024-12-28,Salary Credited,,11692.31,-25077647.06
2025-02-15,Medical Expense,5731.43,,-25083378.49
2025-03-31,Electricity Bill,15900.19,,-25099278.68
2025-05-11,Fuel,19477.4,,-25118756.08
2025-01-31,SIP Investment,16836.32,,-25135592.4
2025-05-16,Salary Credited,,10834.9,-25124757.5
2025-05-06,Amazon Purchase,13597.23,,-25138354.73
2025-02-21,Insurance Premium,4640.47,,-25142995.2
2025-04-08,Insurance Premium,11960.73,,-25154955.93
2025-04-22,Credit Card Payment,14569.95,,-25169525.88
2025-03-16,Amazon Purchase,17920.9,,-25187446.78
2025-06-08,UPI to Zomato,18104.36,,-25205551.14
2025-04-05,Amazon Purchase,1560.02,,-25207111.16
2025-03-28,Salary Credited,,945.25,-25206165.91
2025-04-24,Fuel,18373.45,,-25224539.36
2025-02-15,Electricity Bill,2527.2,,-25227066.56
2025-04-29,UPI to Zomato,13709.01,,-25240775.57
2025-05-18,Medical Expense,1484.7,,-25242260.27
2025-05-19,Medical Expense,8894.56,,-25251154.83
2025-01-08,Credit Card Payment,12776.11,,-25263930.94
2025-02-20,SIP Investment,10360.98,,-25274291.92
2025-03-30,Electricity Bill,17391.61,,-25291683.53
2025-02-14,Insurance Premium,13592.09,,-25305275.62
2025-06-09,Credit Card Payment,1141.64,,-25306417.26
2025-04-27,Credit Card Payment,14548.46,,-25320965.72
2025-03-14,Fuel,1223.04,,-25322188.76
2025-01-26,Flight Booking,9170.08,,-25331358.84
2025-02-17,Amazon Purchase,2498.93,,-25333857.77
2025-01-08,SIP Investment,13123.81,,-25346981.58
2025-05-09,Electricity Bill,14130.07,,-25361111.65
2025-04-22,UPI to Zomato,2533.56,,-25363645.21
2025-02-01,Insurance Premium,4572.36,,-25368217.57
2025-02-20,Fuel,9737.15,,-25377954.72
2025-03-09,Flight Booking,10962.56,,-25388917.28
2025-06-11,UPI to Zomato,4418.1,,-25393335.38
2025-01-02,SIP Investment,11615.68,,-25404951.06
2025-01-30,SIP Investment,15659.91,,-25420610.97
2025-04-07,UPI to Zomato,13740.24,,-25434351.21
2025-06-21,Medical Expense,15454.21,,-25449805.42
2025-01-13,UPI to Zomato,10347.9,,-25460153.32
2025-05-15,Flight Booking,5602.95,,-25465756.27
2025-02-18,Amazon Purchase,11359.83,,-25477116.1
2025-06-07,Electricity Bill,4292.52,,-25481408.62
2025-05-04,SIP Investment,14880.44,,-25496289.06
2025-05-16,UPI to Zomato,8607.11,,-25504896.17
2025-06-13,Fuel,16564.08,,-25521460.25
2025-05-27,Credit Card Payment,9571.93,,-25531032.18
2025-02-01,SIP Investment,5669.61,,-25536701.79
2025-05-21,Credit Card Payment,1326.45,,-25538028.24
2024-12-30,SIP Investment,8290.17,,-25546318.41
2025-05-15,UPI to Zomato,11052.76,,-25557371.17
2025-02-13,Amazon Purchase,15175.63,,-25572546.8
2025-05-26,Electricity Bill,10916.65,,-25583463.45
2025-02-04,Fuel,12538.75,,-25596002.2
2025-05-12,SIP Investment,6837.96,,-25602840.16
2025-05-10,Amazon Purchase,10965.3,,-25613805.46
2025-04-11,Amazon Purchase,934.45,,-25614739.91
2024-12-28,Salary Credited,,11770.53,-25602969.38
2025-06-04,UPI to Zomato,2819.33,,-25605788.71
2025-02-24,UPI to Zomato,9652.11,,-25615440.82
2025-01-02,Amazon Purchase,5701.26,,-25621142.08
2025-05-15,Electricity Bill,5276.7,,-25626418.78
2025-04-12,SIP Investment,13236.01,,-25639654.79
2025-01-08,Insurance Premium,15418.01,,-25655072.8
2025-05-29,Salary Credited,,13657.14,-25641415.66
2025-05-18,Medical Expense,1282.19,,-25642697.85
2025-06-08,Credit Card Payment,7744.15,,-25650442.0
2025-06-13,Amazon Purchase,15425.92,,-25665867.92
2025-04-02,Credit Card Payment,12142.94,,-25678010.86
2025-04-18,Salary Credited,,16444.8,-25661566.06
2025-06-07,UPI to Zomato,12987.52,,-25674553.58
2025-02-27,Flight Booking,6526.57,,-25681080.15
2025-05-03,Fuel,3699.24,,-25684779.39
2025-02-08,Amazon Purchase,9440.21,,-25694219.6
2025-06-09,Electricity Bill,15161.33,,-25709380.93
2025-05-01,Electricity Bill,7204.93,,-25716585.86
2024-12-29,Credit Card Payment,14244.75,,-25730830.61
2025-02-16,Credit Card Payment,8325.54,,-25739156.15
2025-02-25,Electricity Bill,13672.57,,-25752828.72
2025-04-18,UPI to Zomato,5884.96,,-25758713.68
2025-03-06,UPI to Zomato,4017.3,,-25762730.98
2025-04-04,Fuel,7239.39,,-25769970.37
2025-03-16,SIP Investment,11323.61,,-25781293.98
2025-06-23,SIP Investment,16157.68,,-25797451.66
2025-03-09,SIP Investment,1711.48,,-25799163.14
2025-05-15,Amazon Purchase,13177.75,,-25812340.89
2025-05-25,SIP Investment,6990.17,,-25819331.06
2025-06-10,Flight Booking,5178.04,,-25824509.1
2025-04-29,Insurance Premium,5348.83,,-25829857.93
2025-01-01,Amazon Purchase,4780.84,,-25834638.77
2025-02-13,Flight Booking,5586.8,,-25840225.57
2025-05-09,Medical Expense,11972.82,,-25852198.39
2025-04-27,Flight Booking,10777.16,,-25862975.55
2025-02-04,Amazon Purchase,1234.15,,-25864209.7
2025-02-14,Electricity Bill,14163.64,,-25878373.34
2025-02-01,Credit Card Payment,9117.69,,-25887491.03
2025-01-08,Salary Credited,,17598.61,-25869892.42
2025-01-20,UPI to Zomato,14928.09,,-25884820.51
2025-05-05,Flight Booking,1085.26,,-25885905.77
2025-05-07,Amazon Purchase,10400.55,,-25896306.32
2025-05-29,UPI to Zomato,14531.4,,-25910837.72
2025-06-16,Electricity Bill,18962.01,,-25929799.73
2025-02-07,Electricity Bill,11836.5,,-25941636.23
2025-04-12,Flight Booking,18715.86,,-25960352.09
2025-02-14,Amazon Purchase,16891.67,,-25977243.76
2025-04-02,SIP Investment,7148.7,,-25984392.46
2025-05-13,Credit Card Payment,2493.59,,-25986886.05
2025-04-01,SIP Investment,1091.96,,-25987978.01
2025-01-15,SIP Investment,14225.49,,-26002203.5
2025-06-21,Fuel,11555.8,,-26013759.3
2025-04-20,Fuel,6858.27,,-26020617.57
2025-05-28,UPI to Zomato,944.09,,-26021561.66
2025-03-03,Salary Credited,,13185.67,-26008375.99
2025-04-03,Credit Card Payment,10721.49,,-26019097.48
2025-01-02,Fuel,15045.47,,-26034142.95
2025-03-28,Credit Card Payment,3309.65,,-26037452.6
2025-06-10,Fuel,4502.83,,-26041955.43
2025-01-28,Electricity Bill,1675.5,,-26043630.93
2025-04-22,Fuel,3968.15,,-26047599.08
2025-03-16,Salary Credited,,12502.47,-26035096.61
2025-01-30,Salary Credited,,17608.59,-26017488.02
2025-04-12,Credit Card Payment,11335.06,,-26028823.08
2025-01-31,SIP Investment,2075.51,,-26030898.59
2025-06-12,Medical Expense,3745.73,,-26034644.32
2025-04-21,Insurance Premium,16150.94,,-26050795.26
2025-05-20,Credit Card Payment,834.92,,-26051630.18
2025-03-06,Credit Card Payment,786.36,,-26052416.54
2025-01-11,Salary Credited,,16249.51,-26036167.03
2025-03-28,Salary Credited,,18985.82,-26017181.21
2025-04-13,Medical Expense,16344.67,,-26033525.88
2025-04-14,Fuel,11808.54,,-26045334.42
2025-03-20,Credit Card Payment,3939.55,,-26049273.97
2025-01-03,Salary Credited,,8803.57,-26040470.4
2025-04-24,Credit Card Payment,6966.59,,-26047436.99
2025-06-09,Amazon Purchase,4959.55,,-26052396.54
2025-02-15,SIP Investment,12741.19,,-26065137.73
2025-03-20,SIP Investment,11480.58,,-26076618.31
2025-04-06,Salary Credited,,19085.68,-26057532.63
2025-06-07,SIP Investment,12949.18,,-26070481.81
2025-02-20,Medical Expense,7211.08,,-26077692.89
2025-03-15,Electricity Bill,13530.46,,-26091223.35
2025-06-02,Amazon Purchase,4492.41,,-26095715.76
2025-03-12,Medical Expense,14278.81,,-26109994.57
2025-03-26,Fuel,6787.67,,-26116782.24
2025-01-24,Insurance Premium,12298.06,,-26129080.3
2025-02-22,Salary Credited,,10566.76,-26118513.54
2025-05-13,UPI to Zomato,7352.5,,-26125866.04
2025-06-03,Credit Card Payment,18034.16,,-26143900.2
2025-03-12,Flight Booking,12697.92,,-26156598.12
2025-04-19,Fuel,10581.53,,-26167179.65
2025-05-07,UPI to Zomato,16984.0,,-26184163.65
2025-05-23,Credit Card Payment,11339.9,,-26195503.55
2025-02-26,Fuel,10073.31,,-26205576.86
2025-06-18,SIP Investment,12818.45,,-26218395.31
2025-06-24,Medical Expense,16908.24,,-26235303.55
2025-02-04,UPI to Zomato,19913.84,,-26255217.39
2025-02-02,Amazon Purchase,1395.4,,-26256612.79
2025-02-25,Fuel,11620.41,,-26268233.2
2025-04-17,Fuel,19101.81,,-26287335.01
2025-01-04,Insurance Premium,13787.29,,-26301122.3
2025-02-08,Amazon Purchase,7377.85,,-26308500.15
2025-06-03,Amazon Purchase,15120.27,,-26323620.42
2025-06-06,Electricity Bill,15737.87,,-26339358.29
2025-01-24,Amazon Purchase,14383.58,,-26353741.87
2025-03-08,Medical Expense,16111.62,,-26369853.49
2025-06-24,Medical Expense,17987.31,,-26387840.8
2025-02-01,Flight Booking,5875.37,,-26393716.17
2025-01-19,Medical Expense,16096.41,,-26409812.58
2025-03-23,Amazon Purchase,9650.5,,-26419463.08
2025-03-06,Fuel,16301.98,,-26435765.06
2025-05-21,Salary Credited,,11991.6,-26423773.46
2025-03-02,Salary Credited,,10604.35,-26413169.11
2025-03-12,Medical Expense,7347.05,,-26420516.16
2025-01-25,UPI to Zomato,11208.25,,-26431724.41
2025-02-06,Credit Card Payment,4661.28,,-26436385.69
2025-05-29,Electricity Bill,5222.98,,-26441608.67
2025-03-30,Insurance Premium,12406.06,,-26454014.73
2025-05-25,Credit Card Payment,4047.91,,-26458062.64
2025-02-13,Medical Expense,10547.44,,-26468610.08
2025-05-08,UPI to Zomato,18003.88,,-26486613.96
2025-01-20,Electricity Bill,2735.71,,-26489349.67
2024-12-29,Medical Expense,1961.53,,-26491311.2
2025-02-04,Electricity Bill,4492.26,,-26495803.46
2025-06-02,Fuel,10964.49,,-26506767.95
2025-03-07,Amazon Purchase,16771.1,,-26523539.05
2025-02-27,Fuel,14744.85,,-26538283.9
2025-04-04,UPI to Zomato,1940.6,,-26540224.5
2025-04-14,Amazon Purchase,15563.86,,-26555788.36
2025-03-02,Electricity Bill,17987.09,,-26573775.45
2025-06-09,Flight Booking,9102.98,,-26582878.43
2025-04-13,Insurance Premium,7504.59,,-26590383.02
2025-05-06,Medical Expense,17969.88,,-26608352.9
2025-02-07,Electricity Bill,2666.2,,-26611019.1
2025-03-20,Salary Credited,,11760.58,-26599258.52
2025-06-17,Electricity Bill,10960.05,,-26610218.57
2025-03-02,Electricity Bill,12444.1,,-26622662.67
2025-01-04,Electricity Bill,18868.03,,-26641530.7
2025-01-30,Medical Expense,12100.92,,-26653631.62
2025-02-09,Electricity Bill,12375.78,,-26666007.4
2025-04-27,Salary Credited,,4674.95,-26661332.45
2025-02-02,Electricity Bill,17643.92,,-26678976.37
2025-03-01,Insurance Premium,15867.88,,-26694844.25
2025-02-23,Flight Booking,19232.83,,-26714077.08
2025-02-19,Salary Credited,,4480.19,-26709596.89
2025-05-15,Medical Expense,2707.79,,-26712304.68
2025-02-24,Electricity Bill,9277.85,,-26721582.53
2025-06-17,Credit Card Payment,4457.59,,-26726040.12
2025-04-07,Salary Credited,,4983.43,-26721056.69
2025-04-09,SIP Investment,8647.58,,-26729704.27
2025-05-07,UPI to Zomato,2568.57,,-26732272.84
2025-06-22,Credit Card Payment,7474.3,,-26739747.14
2025-06-20,SIP Investment,10278.87,,-26750026.01
2025-04-17,Flight Booking,12658.4,,-26762684.41
2025-03-03,SIP Investment,9734.5,,-26772418.91
2025-04-14,SIP Investment,2903.88,,-26775322.79
2025-02-27,Salary Credited,,14890.43,-26760432.36
2025-03-08,Medical Expense,17978.84,,-26778411.2
2025-03-03,Fuel,16837.28,,-26795248.48
2025-02-19,Fuel,14771.13,,-26810019.61
2025-03-24,UPI to Zomato,19095.08,,-26829114.69
2025-06-14,SIP Investment,12600.26,,-26841714.95
2025-02-26,Medical Expense,19415.82,,-26861130.77
2025-03-11,Medical Expense,1798.41,,-26862929.18
2025-01-29,Insurance Premium,5394.77,,-26868323.95
2025-06-07,Medical Expense,9533.9,,-26877857.85
2025-06-20,Medical Expense,10993.59,,-26888851.44
2024-12-29,Fuel,18870.25,,-26907721.69
2024-12-28,Medical Expense,2017.71,,-26909739.4
2025-03-14,Flight Booking,9206.8,,-26918946.2
2025-04-29,Salary Credited,,14870.17,-26904076.03
2025-04-23,Flight Booking,12759.05,,-26916835.08
2025-02-08,Credit Card Payment,933.73,,-26917768.81
2025-03-28,Fuel,14454.0,,-26932222.81
2025-03-10,Flight Booking,4988.13,,-26937210.94
2025-06-05,Salary Credited,,16530.72,-26920680.22
2025-01-30,Flight Booking,621.3,,-26921301.52
2025-03-15,Insurance Premium,8841.52,,-26930143.04
2025-01-14,Medical Expense,14591.04,,-26944734.08
2025-04-13,SIP Investment,8691.14,,-26953425.22
2025-05-28,Amazon Purchase,16581.59,,-26970006.81
2025-02-02,Flight Booking,18776.04,,-26988782.85
2025-03-01,Medical Expense,4396.67,,-26993179.52
2025-05-01,Insurance Premium,9753.64,,-27002933.16
2025-01-26,Electricity Bill,2471.85,,-27005405.01
2025-02-03,Amazon Purchase,10975.46,,-27016380.47
2025-03-22,Insurance Premium,1241.86,,-27017622.33
2025-04-29,Flight Booking,2232.72,,-27019855.05
2025-06-01,Fuel,14780.37,,-27034635.42
2025-06-08,Fuel,9100.64,,-27043736.06
2025-02-23,Insurance Premium,5002.26,,-27048738.32
2025-02-12,Amazon Purchase,11933.03,,-27060671.35
2025-01-22,Credit Card Payment,9046.59,,-27069717.94
2025-06-11,Credit Card Payment,19556.66,,-27089274.6
2025-03-01,Amazon Purchase,9021.67,,-27098296.27
2025-06-17,Amazon Purchase,6551.28,,-27104847.55
2025-02-09,Salary Credited,,11440.91,-27093406.64
2025-06-03,Electricity Bill,5274.76,,-27098681.4
2025-04-07,Medical Expense,15868.28,,-27114549.68
2025-06-15,Flight Booking,12165.02,,-27126714.7
2025-04-07,UPI to Zomato,19626.7,,-27146341.4
2025-03-18,SIP Investment,4244.82,,-27150586.22
2025-04-21,Credit Card Payment,14914.3,,-27165500.52
2025-03-27,Medical Expense,18828.3,,-27184328.82
2025-06-14,Insurance Premium,18546.83,,-27202875.65
2025-04-23,Medical Expense,15939.86,,-27218815.51
2025-06-11,Salary Credited,,9057.06,-27209758.45
2025-03-11,Fuel,755.8,,-27210514.25
2025-02-26,Amazon Purchase,19479.01,,-27229993.26
2025-02-08,Salary Credited,,15922.59,-27214070.67
2025-01-25,Amazon Purchase,3172.67,,-27217243.34
2024-12-26,SIP Investment,9088.22,,-27226331.56
2025-06-17,Fuel,18469.23,,-27244800.79
2025-05-01,Medical Expense,8050.48,,-27252851.27
2025-03-23,SIP Investment,19774.96,,-27272626.23
2025-02-12,Credit Card Payment,9074.13,,-27281700.36
2025-04-16,Insurance Premium,9024.13,,-27290724.49
2025-02-10,Credit Card Payment,14514.04,,-27305238.53
2025-05-08,Amazon Purchase,1007.62,,-27306246.15
2025-04-28,Amazon Purchase,13494.23,,-27319740.38
2025-06-03,SIP Investment,14091.64,,-27333832.02
2025-01-23,SIP Investment,19952.2,,-27353784.22
2025-05-01,Salary Credited,,14877.86,-27338906.36
2025-04-16,SIP Investment,12118.65,,-27351025.01
2025-03-01,Electricity Bill,5515.98,,-27356540.99
2025-03-08,Credit Card Payment,18224.66,,-27374765.65
2025-03-15,Medical Expense,8831.76,,-27383597.41
2025-02-23,Electricity Bill,14780.55,,-27398377.96
2025-03-24,Electricity Bill,7920.97,,-27406298.93
2025-06-14,Amazon Purchase,4467.9,,-27410766.83
2025-05-17,Electricity Bill,15487.7,,-27426254.53
2025-05-05,Insurance Premium,10529.99,,-27436784.52
2025-04-02,Insurance Premium,4171.28,,-27440955.8
2025-01-14,UPI to Zomato,2113.87,,-27443069.67
2025-04-06,Credit Card Payment,3423.49,,-27446493.16
2025-06-01,Insurance Premium,3179.3,,-27449672.46
2025-03-26,Medical Expense,2596.84,,-27452269.3
2025-01-08,SIP Investment,15192.92,,-27467462.22
2025-05-26,Insurance Premium,8380.89,,-27475843.11
2025-01-31,UPI to Zomato,5624.7,,-27481467.81
2025-03-24,Amazon Purchase,2977.82,,-27484445.63
2024-12-28,Medical Expense,7360.35,,-27491805.98
2025-02-09,SIP Investment,12363.58,,-27504169.56
2025-03-01,Electricity Bill,14372.27,,-27518541.83
2025-02-13,Insurance Premium,5538.33,,-27524080.16
2025-04-03,Fuel,10976.2,,-27535056.36
2025-03-11,Amazon Purchase,17274.66,,-27552331.02
2025-03-15,Credit Card Payment,14355.66,,-27566686.68
2025-06-13,Salary Credited,,4471.69,-27562214.99
2024-12-30,Medical Expense,19443.64,,-27581658.63
2025-03-31,UPI to Zomato,2189.13,,-27583847.76
2025-05-20,Fuel,12396.46,,-27596244.22
2025-04-10,SIP Investment,2927.65,,-27599171.87
2025-01-23,Credit Card Payment,7239.85,,-27606411.72
2025-05-16,Electricity Bill,1761.1,,-27608172.82
2025-02-16,Salary Credited,,5329.13,-27602843.69
2025-05-16,SIP Investment,7353.64,,-27610197.33
2025-01-12,UPI to Zomato,13922.68,,-27624120.01
2025-04-01,Insurance Premium,6208.02,,-27630328.03
2025-01-12,Amazon Purchase,679.65,,-27631007.68
2025-04-11,Salary Credited,,18805.78,-27612201.9
2025-01-21,UPI to Zomato,16317.76,,-27628519.66
2025-06-10,Amazon Purchase,3941.91,,-27632461.57
2025-01-26,UPI to Zomato,14936.24,,-27647397.81
2025-05-18,Amazon Purchase,9990.54,,-27657388.35
2025-04-22,Fuel,4883.39,,-27662271.74
2025-02-13,Credit Card Payment,8267.68,,-27670539.42
2025-04-03,Fuel,14796.93,,-27685336.35
2025-06-03,UPI to Zomato,19897.2,,-27705233.55
2025-06-02,Amazon Purchase,6475.2,,-27711708.75
2025-04-25,Electricity Bill,11824.45,,-27723533.2
2025-06-09,Electricity Bill,19334.9,,-27742868.1
2025-02-02,SIP Investment,9886.5,,-27752754.6
2025-03-13,Amazon Purchase,6697.13,,-27759451.73
2025-04-23,UPI to Zomato,16686.53,,-27776138.26
2025-01-04,Medical Expense,1716.9,,-27777855.16
2025-01-06,Electricity Bill,3935.68,,-27781790.84
2025-02-27,Flight Booking,17350.1,,-27799140.94
2025-02-14,Insurance Premium,9469.88,,-27808610.82
2025-03-16,Medical Expense,18142.16,,-27826752.98
2025-01-02,UPI to Zomato,17386.6,,-27844139.58
2025-02-18,Flight Booking,2568.78,,-27846708.36
2025-05-13,Fuel,14440.63,,-27861148.99
2025-01-08,Electricity Bill,17952.68,,-27879101.67
2025-04-23,Fuel,6804.12,,-27885905.79
2025-04-19,Flight Booking,1808.55,,-27887714.34
2025-04-17,Medical Expense,9535.83,,-27897250.17
2025-01-15,UPI to Zomato,18701.81,,-27915951.98
2025-02-03,UPI to Zomato,17756.18,,-27933708.16
2025-01-05,Salary Credited,,7412.02,-27926296.14
2025-05-03,Salary Credited,,16281.81,-27910014.33
2025-05-23,SIP Investment,15848.99,,-27925863.32
2025-05-19,Amazon Purchase,17528.52,,-27943391.84
2025-04-01,Credit Card Payment,17859.47,,-27961251.31
2025-02-22,Credit Card Payment,19006.74,,-27980258.05
2025-02-02,Insurance Premium,17006.64,,-27997264.69
2025-06-15,Medical Expense,19540.08,,-28016804.77
2025-03-01,Credit Card Payment,15510.08,,-28032314.85
2025-05-30,Amazon Purchase,14772.03,,-28047086.88
2025-04-08,SIP Investment,552.69,,-28047639.57
2025-03-29,Credit Card Payment,8163.61,,-28055803.18
2025-01-12,Insurance Premium,5649.71,,-28061452.89
2025-06-05,Fuel,2844.84,,-28064297.73
2025-03-16,Electricity Bill,13014.8,,-28077312.53
2025-03-06,Flight Booking,10779.37,,-28088091.9
2025-03-20,Salary Credited,,6296.03,-28081795.87
2025-01-26,Insurance Premium,658.5,,-28082454.37
2025-02-11,Fuel,6822.37,,-28089276.74
2025-01-16,Insurance Premium,11367.14,,-28100643.88
2025-02-05,UPI to Zomato,11301.08,,-28111944.96
2024-12-26,Electricity Bill,8679.88,,-28120624.84
2025-06-14,Electricity Bill,8115.2,,-28128740.04
2025-03-06,Insurance Premium,16103.77,,-28144843.81
2025-05-24,Insurance Premium,8295.52,,-28153139.33
2024-12-31,Credit Card Payment,12088.72,,-28165228.05
2025-04-09,Fuel,6435.58,,-28171663.63
2025-05-17,Fuel,11509.66,,-28183173.29
2025-05-14,Amazon Purchase,3413.81,,-28186587.1
2025-05-12,SIP Investment,18815.55,,-28205402.65
2025-06-08,Electricity Bill,16771.68,,-28222174.33
2025-03-05,Salary Credited,,12420.58,-28209753.75
2025-04-29,Insurance Premium,15186.39,,-28224940.14
2025-02-09,Credit Card Payment,10295.92,,-28235236.06
2025-01-16,Flight Booking,7677.04,,-28242913.1
2025-03-09,Salary Credited,,5850.43,-28237062.67
2024-12-27,Insurance Premium,13981.69,,-28251044.36
2025-01-07,UPI to Zomato,19198.82,,-28270243.18
2025-02-01,Electricity Bill,8180.25,,-28278423.43
2025-05-30,Amazon Purchase,16398.76,,-28294822.19
2025-05-30,Credit Card Payment,3705.11,,-28298527.3
2025-02-24,Flight Booking,4897.14,,-28303424.44
2025-04-21,Amazon Purchase,13857.56,,-28317282.0
2025-05-10,Insurance Premium,8096.8,,-28325378.8
2024-12-29,Insurance Premium,14907.63,,-28340286.43
2025-04-13,Amazon Purchase,2528.32,,-28342814.75
2025-06-17,Medical Expense,4691.11,,-28347505.86
2025-05-10,Fuel,4270.06,,-28351775.92
2025-04-27,Credit Card Payment,18668.96,,-28370444.88
2025-01-07,UPI to Zomato,14410.01,,-28384854.89
2025-03-19,Amazon Purchase,19334.38,,-28404189.27
2025-02-26,Medical Expense,17882.87,,-28422072.14
2025-02-04,UPI to Zomato,19805.68,,-28441877.82
2025-04-18,Amazon Purchase,9966.51,,-28451844.33
2025-04-28,UPI to Zomato,17139.31,,-28468983.64
2025-03-01,Fuel,11647.07,,-28480630.71
2025-04-01,Medical Expense,960.83,,-28481591.54
2025-01-26,SIP Investment,19728.22,,-28501319.76
2025-04-29,Electricity Bill,17850.14,,-28519169.9
2025-04-14,Flight Booking,15707.34,,-28534877.24
2025-01-04,UPI to Zomato,4958.9,,-28539836.14
2025-06-16,UPI to Zomato,16477.43,,-28556313.57
2025-02-09,Credit Card Payment,10844.86,,-28567158.43
2025-03-17,Amazon Purchase,6472.34,,-28573630.77
2025-05-17,Amazon Purchase,15874.71,,-28589505.48
2025-04-09,SIP Investment,7656.34,,-28597161.82
2025-02-11,Fuel,5845.27,,-28603007.09
2025-06-13,Fuel,12142.65,,-28615149.74
2025-01-27,Credit Card Payment,17152.13,,-28632301.87
2025-02-05,Flight Booking,13717.31,,-28646019.18
2025-02-18,Credit Card Payment,12045.41,,-28658064.59
2025-06-21,Insurance Premium,7144.38,,-28665208.97
2025-01-09,SIP Investment,1050.4,,-28666259.37
2025-01-09,Electricity Bill,17109.74,,-28683369.11
2025-06-19,UPI to Zomato,15663.32,,-28699032.43
2025-01-19,Credit Card Payment,9419.74,,-28708452.17
2025-06-12,SIP Investment,7303.46,,-28715755.63
2025-03-15,Credit Card Payment,1304.62,,-28717060.25
2025-01-25,Credit Card Payment,11409.7,,-28728469.95
2025-05-06,UPI to Zomato,6676.97,,-28735146.92
2024-12-31,Electricity Bill,18199.13,,-28753346.05
2025-05-23,Credit Card Payment,13131.48,,-28766477.53
2025-06-15,Credit Card Payment,6097.21,,-28772574.74
2025-02-18,UPI to Zomato,8675.6,,-28781250.34
2024-12-31,Medical Expense,779.67,,-28782030.01
2025-03-29,Credit Card Payment,2114.99,,-28784145.0
2025-03-14,Amazon Purchase,15285.66,,-28799430.66
2025-01-05,UPI to Zomato,14553.3,,-28813983.96
2025-03-08,Medical Expense,9555.22,,-28823539.18
2025-01-16,UPI to Zomato,14555.48,,-28838094.66
2025-02-21,Salary Credited,,2575.6,-28835519.06
2025-01-15,Flight Booking,11995.09,,-28847514.15
2024-12-28,Flight Booking,1960.37,,-28849474.52
2025-03-19,Flight Booking,1424.62,,-28850899.14
2025-03-29,Flight Booking,10874.19,,-28861773.33
2025-02-26,Fuel,7683.0,,-28869456.33
2025-05-24,Salary Credited,,4273.12,-28865183.21
2025-02-27,UPI to Zomato,11965.4,,-28877148.61
2025-01-24,Salary Credited,,12316.9,-28864831.71
2025-05-16,UPI to Zomato,7368.82,,-28872200.53
2025-05-14,Insurance Premium,9998.94,,-28882199.47
2025-01-07,Credit Card Payment,4562.1,,-28886761.57
2025-05-07,Credit Card Payment,17515.57,,-28904277.14
2025-05-22,Amazon Purchase,10596.76,,-28914873.9
2025-04-19,SIP Investment,11847.88,,-28926721.78
2025-05-10,Insurance Premium,6987.85,,-28933709.63
2025-03-13,Amazon Purchase,16243.14,,-28949952.77
2025-02-21,Credit Card Payment,12384.61,,-28962337.38
2025-01-28,Medical Expense,19212.28,,-28981549.66
2025-01-28,Credit Card Payment,11802.59,,-28993352.25
2025-06-21,UPI to Zomato,8555.2,,-29001907.45
2024-12-31,Amazon Purchase,3043.6,,-29004951.05
2025-01-10,Medical Expense,15247.59,,-29020198.64
2025-05-07,SIP Investment,7075.86,,-29027274.5
2025-04-15,Credit Card Payment,12257.78,,-29039532.28
2025-03-07,Medical Expense,5849.37,,-29045381.65
2025-03-14,Amazon Purchase,15348.08,,-29060729.73
2025-06-14,Credit Card Payment,4014.25,,-29064743.98
2025-05-23,Insurance Premium,7455.11,,-29072199.09
2025-04-05,Insurance Premium,4757.02,,-29076956.11
2024-12-27,SIP Investment,10610.61,,-29087566.72
2025-01-15,Insurance Premium,12219.97,,-29099786.69
2025-04-24,Electricity Bill,2899.83,,-29102686.52
2025-05-15,Insurance Premium,7687.36,,-29110373.88
2025-01-06,Credit Card Payment,12833.94,,-29123207.82
2025-02-08,UPI to Zomato,10058.59,,-29133266.41
2025-06-11,Fuel,2099.34,,-29135365.75
2025-01-19,UPI to Zomato,14148.54,,-29149514.29
2025-02-05,Fuel,14289.8,,-29163804.09
2025-02-27,Salary Credited,,5158.67,-29158645.42
2025-05-12,Amazon Purchase,13177.4,,-29171822.82
2025-03-23,Flight Booking,10169.77,,-29181992.59
2025-04-22,Flight Booking,3416.21,,-29185408.8
2025-03-12,SIP Investment,14344.11,,-29199752.91
2025-01-28,UPI to Zomato,17434.79,,-29217187.7
2025-05-01,UPI to Zomato,7957.73,,-29225145.43
2025-02-12,SIP Investment,14986.12,,-29240131.55
2025-02-13,Electricity Bill,5084.03,,-29245215.58
2025-04-30,Amazon Purchase,14184.34,,-29259399.92
2025-01-26,Insurance Premium,17486.9,,-29276886.82
2025-03-21,Credit Card Payment,17302.53,,-29294189.35
2025-02-04,Credit Card Payment,14737.88,,-29308927.23
2024-12-31,SIP Investment,19392.25,,-29328319.48
2025-06-11,Credit Card Payment,18530.79,,-29346850.27
2025-03-05,Flight Booking,9256.78,,-29356107.05
2025-01-01,Insurance Premium,18124.55,,-29374231.6
2025-06-23,Medical Expense,9566.52,,-29383798.12
2025-01-25,Fuel,18370.39,,-29402168.51
2025-01-13,UPI to Zomato,7866.72,,-29410035.23
2025-05-05,Insurance Premium,3635.59,,-29413670.82
2025-02-14,Salary Credited,,3437.85,-29410232.97
2025-01-19,Salary Credited,,13984.87,-29396248.1
2025-03-02,Amazon Purchase,17078.03,,-29413326.13
2025-04-10,Fuel,14688.14,,-29428014.27
2025-03-29,Salary Credited,,8440.97,-29419573.3
2025-03-16,Salary Credited,,18236.24,-29401337.06
2025-02-09,Flight Booking,14823.44,,-29416160.5
2025-02-01,Insurance Premium,16432.65,,-29432593.15
2025-01-11,Credit Card Payment,10748.5,,-29443341.65
2025-03-03,Salary Credited,,8188.08,-29435153.57
2025-01-24,Fuel,6370.23,,-29441523.8
2025-03-31,Electricity Bill,4878.8,,-29446402.6
2025-06-13,Fuel,12722.37,,-29459124.97
2025-04-01,Insurance Premium,9917.8,,-29469042.77
2025-05-15,Electricity Bill,833.67,,-29469876.44
2025-03-10,Flight Booking,13665.64,,-29483542.08
2025-01-31,Insurance Premium,7534.13,,-29491076.21
2025-05-01,SIP Investment,8713.59,,-29499789.8
2025-03-06,Amazon Purchase,16593.63,,-29516383.43
2025-04-22,Electricity Bill,14086.65,,-29530470.08
2025-01-20,Flight Booking,10968.72,,-29541438.8
2024-12-31,Credit Card Payment,15637.9,,-29557076.7
2025-04-16,Amazon Purchase,9652.31,,-29566729.01
2025-03-18,Electricity Bill,14364.96,,-29581093.97
2025-03-12,Salary Credited,,12573.24,-29568520.73
2025-06-24,UPI to Zomato,13666.18,,-29582186.91
2025-05-01,Insurance Premium,6875.15,,-29589062.06
2025-03-07,SIP Investment,3676.29,,-29592738.35
2025-04-10,Fuel,9642.51,,-29602380.86
2025-01-15,Electricity Bill,6647.24,,-29609028.1
2025-06-03,Medical Expense,13132.49,,-29622160.59
2025-04-08,UPI to Zomato,1183.11,,-29623343.7
2025-03-16,UPI to Zomato,13762.41,,-29637106.11
2025-01-31,UPI to Zomato,2421.36,,-29639527.47
2025-04-04,UPI to Zomato,6794.27,,-29646321.74
2025-01-14,Salary Credited,,15891.34,-29630430.4
2025-04-07,SIP Investment,8678.89,,-29639109.29
2025-03-27,Insurance Premium,16993.21,,-29656102.5
2025-01-20,SIP Investment,18607.02,,-29674709.52
2025-03-05,Medical Expense,7833.49,,-29682543.01
2025-03-06,Salary Credited,,7273.28,-29675269.73
2025-02-26,SIP Investment,15075.28,,-29690345.01
2025-06-16,Medical Expense,7769.27,,-29698114.28
2025-04-09,Insurance Premium,16026.22,,-29714140.5
2025-03-13,Amazon Purchase,14479.85,,-29728620.35
2025-03-30,Flight Booking,8451.46,,-29737071.81
2024-12-29,Fuel,19254.4,,-29756326.21
2025-06-13,Flight Booking,16617.81,,-29772944.02
2025-06-23,Amazon Purchase,15789.74,,-29788733.76
2025-05-20,UPI to Zomato,13813.62,,-29802547.38
2025-05-09,Credit Card Payment,11659.23,,-29814206.61
2025-02-10,Salary Credited,,19420.81,-29794785.8
2025-06-08,Electricity Bill,9775.38,,-29804561.18
2025-05-16,Electricity Bill,14948.88,,-29819510.06
2025-03-08,Electricity Bill,19566.2,,-29839076.26
2025-04-13,Insurance Premium,7558.87,,-29846635.13
2025-01-13,Credit Card Payment,5478.56,,-29852113.69
2025-02-22,Salary Credited,,13856.85,-29838256.84
2025-04-15,Medical Expense,6014.62,,-29844271.46
2025-05-12,SIP Investment,11314.07,,-29855585.53
2025-03-06,Credit Card Payment,15971.32,,-29871556.85
2025-06-08,Salary Credited,,8422.31,-29863134.54
2025-06-11,Salary Credited,,4355.73,-29858778.81
2025-03-27,Fuel,11299.02,,-29870077.83
2025-02-08,Electricity Bill,2650.71,,-29872728.54
2025-03-10,UPI to Zomato,14861.42,,-29887589.96
2025-04-06,Insurance Premium,18313.34,,-29905903.3
2025-01-01,Fuel,10220.1,,-29916123.4
2025-03-05,SIP Investment,14608.15,,-29930731.55
2025-04-14,Medical Expense,4988.37,,-29935719.92
2025-05-27,UPI to Zomato,12050.2,,-29947770.12
2025-02-08,Flight Booking,5958.49,,-29953728.61
2025-06-13,UPI to Zomato,13803.33,,-29967531.94
2025-06-09,Flight Booking,694.16,,-29968226.1
2025-03-11,Electricity Bill,1900.81,,-29970126.91
2025-04-08,Credit Card Payment,889.67,,-29971016.58
2025-03-07,Amazon Purchase,4905.2,,-29975921.78
2024-12-27,Amazon Purchase,10825.81,,-29986747.59
2025-02-24,Flight Booking,9708.6,,-29996456.19
2025-03-22,Amazon Purchase,11200.43,,-30007656.62
2025-05-09,Salary Credited,,5980.7,-30001675.92
2025-02-09,Insurance Premium,19369.98,,-30021045.9
2025-05-16,SIP Investment,11090.22,,-30032136.12
2025-05-15,Fuel,15357.95,,-30047494.07
2025-04-16,UPI to Zomato,13567.25,,-30061061.32
2025-03-08,Salary Credited,,9793.18,-30051268.14
2025-05-01,Salary Credited,,11366.47,-30039901.67
2025-04-08,Flight Booking,15519.31,,-30055420.98
2025-06-15,SIP Investment,4689.67,,-30060110.65
2025-02-14,UPI to Zomato,1705.79,,-30061816.44
2025-04-13,Credit Card Payment,6317.64,,-30068134.08
2025-03-20,Medical Expense,2006.63,,-30070140.71
2025-04-09,Credit Card Payment,11131.54,,-30081272.25
2025-03-08,SIP Investment,12035.13,,-30093307.38
2024-12-27,Fuel,9858.16,,-30103165.54
2025-02-24,Medical Expense,19830.68,,-30122996.22
2025-01-17,Insurance Premium,6466.31,,-30129462.53
2025-02-21,UPI to Zomato,4509.02,,-30133971.55
2025-04-05,Fuel,5180.62,,-30139152.17
2025-01-11,Insurance Premium,18521.83,,-30157674.0
2025-02-07,Credit Card Payment,10574.73,,-30168248.73
2025-02-25,Salary Credited,,2795.21,-30165453.52
2025-02-25,Amazon Purchase,14877.98,,-30180331.5
2025-06-10,Flight Booking,5472.49,,-30185803.99
2025-04-08,Amazon Purchase,12408.33,,-30198212.32
2024-12-27,Electricity Bill,18430.07,,-30216642.39
2025-02-02,Amazon Purchase,4145.82,,-30220788.21
2025-05-15,Amazon Purchase,16201.01,,-30236989.22
2025-05-02,Electricity Bill,8123.84,,-30245113.06
2025-05-07,Flight Booking,1755.14,,-30246868.2
2025-05-22,UPI to Zomato,17177.11,,-30264045.31
2025-02-17,Credit Card Payment,11930.19,,-30275975.5
2025-06-16,Electricity Bill,15833.72,,-30291809.22
2025-02-05,UPI to Zomato,18396.39,,-30310205.61
2025-04-23,UPI to Zomato,2201.57,,-30312407.18
2025-05-14,Fuel,19895.84,,-30332303.02
2025-05-01,Electricity Bill,1574.38,,-30333877.4
2025-03-29,UPI to Zomato,9212.67,,-30343090.07
2025-04-15,Insurance Premium,16247.32,,-30359337.39
2025-01-13,Amazon Purchase,12394.55,,-30371731.94
2025-05-06,Fuel,15558.17,,-30387290.11
2025-05-11,Fuel,1156.67,,-30388446.78
2025-04-04,Fuel,2206.69,,-30390653.47
2025-02-20,Medical Expense,17851.97,,-30408505.44
2025-01-23,Flight Booking,5781.38,,-30414286.82
2025-04-23,Fuel,16910.07,,-30431196.89
2025-04-26,Amazon Purchase,3952.87,,-30435149.76
2025-02-01,SIP Investment,16099.29,,-30451249.05
2024-12-28,Fuel,13157.55,,-30464406.6
2025-03-21,Flight Booking,3368.7,,-30467775.3
2025-06-08,UPI to Zomato,19918.69,,-30487693.99
2025-01-27,Amazon Purchase,14501.38,,-30502195.37
2025-05-26,Fuel,14866.98,,-30517062.35
2025-04-30,Electricity Bill,16279.45,,-30533341.8
2025-03-02,Medical Expense,7325.69,,-30540667.49
2025-01-02,Electricity Bill,6926.69,,-30547594.18
2025-02-14,UPI to Zomato,8210.41,,-30555804.59
2025-05-29,Fuel,2908.95,,-30558713.54
2025-03-12,UPI to Zomato,12454.11,,-30571167.65
2024-12-26,Flight Booking,15849.61,,-30587017.26
2025-02-13,Salary Credited,,6724.44,-30580292.82
2025-02-17,Flight Booking,7067.84,,-30587360.66
2025-02-21,Flight Booking,14840.32,,-30602200.98
2025-02-25,SIP Investment,8475.05,,-30610676.03
2025-01-12,Salary Credited,,9776.39,-30600899.64
2025-02-04,Electricity Bill,17420.21,,-30618319.85
2025-01-19,Amazon Purchase,11924.71,,-30630244.56
2025-05-25,Electricity Bill,4374.23,,-30634618.79
2025-01-25,SIP Investment,19084.7,,-30653703.49
2025-03-07,Fuel,12583.24,,-30666286.73
2025-04-17,Electricity Bill,1836.31,,-30668123.04
2025-03-13,Fuel,12989.61,,-30681112.65
2025-01-22,Salary Credited,,19856.67,-30661255.98
2025-06-22,Amazon Purchase,5882.91,,-30667138.89
2025-06-06,UPI to Zomato,18808.78,,-30685947.67
2025-05-26,Medical Expense,11949.99,,-30697897.66
2025-02-18,Insurance Premium,19021.28,,-30716918.94
2025-05-11,Flight Booking,14335.07,,-30731254.01
2025-04-21,Amazon Purchase,16353.56,,-30747607.57
2025-06-24,UPI to Zomato,15565.8,,-30763173.37
2025-03-07,UPI to Zomato,14826.46,,-30777999.83
2025-04-02,Flight Booking,13835.44,,-30791835.27
2025-06-03,Medical Expense,15159.63,,-30806994.9
2025-03-17,Flight Booking,16912.71,,-30823907.61
2025-02-06,Flight Booking,9603.14,,-30833510.75
2025-05-29,Medical Expense,18144.63,,-30851655.38
2025-04-09,SIP Investment,13139.99,,-30864795.37
2025-03-27,Salary Credited,,13982.61,-30850812.76
2025-04-02,Flight Booking,4224.19,,-30855036.95
2025-01-29,Insurance Premium,3166.74,,-30858203.69
2025-04-13,Medical Expense,4596.97,,-30862800.66
2024-12-27,Flight Booking,18037.82,,-30880838.48
2025-03-13,SIP Investment,18287.23,,-30899125.71
2025-01-14,UPI to Zomato,17530.55,,-30916656.26
2025-02-01,Fuel,11197.41,,-30927853.67
2025-01-14,Insurance Premium,8558.86,,-30936412.53
2025-05-13,Flight Booking,13061.75,,-30949474.28
2025-06-03,Credit Card Payment,15867.65,,-30965341.93
2025-03-06,Amazon Purchase,16703.77,,-30982045.7
2025-02-19,Amazon Purchase,11419.83,,-30993465.53
2025-02-02,Salary Credited,,11462.67,-30982002.86
2025-05-29,Flight Booking,12330.07,,-30994332.93
2025-02-17,SIP Investment,7596.65,,-31001929.58
2025-03-29,Insurance Premium,3192.38,,-31005121.96
2025-02-02,SIP Investment,13813.06,,-31018935.02
2025-05-29,Salary Credited,,15845.86,-31003089.16
2025-02-14,Fuel,15889.09,,-31018978.25
2024-12-26,Insurance Premium,15161.85,,-31034140.1
2025-01-19,Credit Card Payment,7362.93,,-31041503.03
2025-05-17,Flight Booking,17152.53,,-31058655.56
2025-03-16,Medical Expense,683.56,,-31059339.12
2025-05-09,Salary Credited,,4869.07,-31054470.05
2025-05-18,Medical Expense,18515.41,,-31072985.46
2025-05-01,Salary Credited,,6269.15,-31066716.31
2025-06-19,Flight Booking,7835.17,,-31074551.48
2025-04-02,Flight Booking,4166.31,,-31078717.79
2025-02-21,Insurance Premium,1504.04,,-31080221.83
2025-05-15,Flight Booking,5772.66,,-31085994.49
2025-05-12,Salary Credited,,1648.58,-31084345.91
2025-05-16,SIP Investment,7503.01,,-31091848.92
2025-03-09,Salary Credited,,18202.21,-31073646.71
2025-05-13,Flight Booking,8008.09,,-31081654.8
2025-03-07,Flight Booking,7850.99,,-31089505.79
2025-01-01,Medical Expense,14795.43,,-31104301.22
2025-05-30,SIP Investment,8029.64,,-31112330.86
2025-03-04,Fuel,15622.91,,-31127953.77
2025-06-07,Salary Credited,,17120.59,-31110833.18
2025-01-16,Credit Card Payment,9390.76,,-31120223.94
2025-02-19,Amazon Purchase,13995.2,,-31134219.14
2025-04-27,Electricity Bill,8512.25,,-31142731.39
2025-02-09,SIP Investment,11957.25,,-31154688.64
2025-02-02,UPI to Zomato,19300.31,,-31173988.95
2025-06-21,SIP Investment,13056.58,,-31187045.53
2025-06-09,Electricity Bill,9359.3,,-31196404.83
2025-04-14,Electricity Bill,5554.26,,-31201959.09
2025-01-01,Amazon Purchase,19710.8,,-31221669.89
2025-04-18,SIP Investment,2272.09,,-31223941.98
2025-03-28,Amazon Purchase,2846.91,,-31226788.89
2025-03-10,Medical Expense,514.95,,-31227303.84
2025-03-22,Fuel,12758.6,,-31240062.44
2025-01-26,Salary Credited,,10706.08,-31229356.36
2025-02-20,Credit Card Payment,6373.47,,-31235729.83
2025-03-28,Credit Card Payment,16301.5,,-31252031.33
2025-01-05,Flight Booking,658.3,,-31252689.63
2025-01-29,UPI to Zomato,12641.12,,-31265330.75
2025-05-26,Fuel,1817.86,,-31267148.61
2025-03-30,Credit Card Payment,12252.97,,-31279401.58
2025-04-06,Amazon Purchase,16359.28,,-31295760.86
2025-01-12,Salary Credited,,11041.15,-31284719.71
2025-02-06,UPI to Zomato,4308.36,,-31289028.07
2025-01-22,Insurance Premium,17204.08,,-31306232.15
2025-03-05,Insurance Premium,7527.17,,-31313759.32
2025-03-16,Insurance Premium,6369.5,,-31320128.82
2025-03-03,Flight Booking,17607.82,,-31337736.64
2025-05-05,Amazon Purchase,17005.71,,-31354742.35
2025-06-08,Flight Booking,19662.34,,-31374404.69
2025-04-01,Credit Card Payment,1626.95,,-31376031.64
2025-01-25,Credit Card Payment,18615.29,,-31394646.93
2025-04-01,Electricity Bill,3010.97,,-31397657.9
2025-01-31,Salary Credited,,15279.97,-31382377.93
2025-05-12,Flight Booking,5978.15,,-31388356.08
2025-01-22,Amazon Purchase,14463.95,,-31402820.03
2025-04-16,Flight Booking,6016.52,,-31408836.55
2025-03-29,Insurance Premium,14789.43,,-31423625.98
2025-04-07,Insurance Premium,1302.23,,-31424928.21
2025-01-22,Amazon Purchase,5473.8,,-31430402.01
2025-01-07,Salary Credited,,10513.63,-31419888.38
2025-03-22,UPI to Zomato,2960.31,,-31422848.69
2025-02-15,Credit Card Payment,9662.36,,-31432511.05
2025-06-21,Salary Credited,,18663.54,-31413847.51
2025-04-01,SIP Investment,19898.86,,-31433746.37
2025-05-11,Electricity Bill,6744.91,,-31440491.28
2025-05-19,Electricity Bill,4177.1,,-31444668.38
2025-01-09,Electricity Bill,7195.17,,-31451863.55
2025-04-11,Credit Card Payment,14127.3,,-31465990.85
2025-04-06,Insurance Premium,5017.66,,-31471008.51
2025-03-22,Insurance Premium,14530.74,,-31485539.25
2025-03-01,Insurance Premium,13138.01,,-31498677.26
2025-05-13,Amazon Purchase,2079.18,,-31500756.44
2024-12-30,Credit Card Payment,17755.22,,-31518511.66
2025-01-01,Insurance Premium,5873.51,,-31524385.17
2025-06-12,Fuel,4155.02,,-31528540.19
2025-04-09,Salary Credited,,15743.21,-31512796.98
2024-12-26,Credit Card Payment,8573.82,,-31521370.8
2025-06-16,Credit Card Payment,590.52,,-31521961.32
2025-02-26,Insurance Premium,6495.67,,-31528456.99
2025-06-15,Flight Booking,11591.78,,-31540048.77
2025-04-16,SIP Investment,1116.62,,-31541165.39
2025-03-25,UPI to Zomato,14741.69,,-31555907.08
2025-06-06,Salary Credited,,13252.86,-31542654.22
2024-12-27,Credit Card Payment,4180.97,,-31546835.19
2025-06-08,Electricity Bill,13766.63,,-31560601.82
2025-03-03,UPI to Zomato,1475.25,,-31562077.07
2025-05-18,Salary Credited,,7907.4,-31554169.67
2025-06-08,Medical Expense,7332.17,,-31561501.84
2025-05-09,Salary Credited,,6850.86,-31554650.98
2025-02-16,Electricity Bill,16070.16,,-31570721.14
2025-05-27,Insurance Premium,4082.2,,-31574803.34
2025-02-01,Fuel,4950.07,,-31579753.41
2025-03-17,Electricity Bill,8008.96,,-31587762.37
2025-03-22,Amazon Purchase,5430.99,,-31593193.36
2025-02-17,Amazon Purchase,15771.13,,-31608964.49
2025-06-12,Amazon Purchase,2661.31,,-31611625.8
2025-01-31,Amazon Purchase,14074.53,,-31625700.33
2025-02-15,Insurance Premium,2296.43,,-31627996.76
2025-03-25,Insurance Premium,4831.07,,-31632827.83
2025-03-21,Amazon Purchase,7476.89,,-31640304.72
2025-06-01,Fuel,13678.36,,-31653983.08
2025-06-24,SIP Investment,3855.96,,-31657839.04
2025-03-04,Flight Booking,5689.17,,-31663528.21
2025-02-26,Credit Card Payment,6617.44,,-31670145.65
2025-01-16,Medical Expense,6630.83,,-31676776.48
2025-02-28,Flight Booking,15228.66,,-31692005.14
2025-05-07,Credit Card Payment,13446.65,,-31705451.79
2025-01-24,Amazon Purchase,6254.63,,-31711706.42
2025-04-19,Amazon Purchase,10484.66,,-31722191.08
2025-02-03,Credit Card Payment,12902.94,,-31735094.02
2025-04-08,Insurance Premium,10801.86,,-31745895.88
2025-01-17,UPI to Zomato,9557.87,,-31755453.75
2025-01-30,Insurance Premium,10726.6,,-31766180.35
2024-12-27,SIP Investment,6536.64,,-31772716.99
2025-05-19,Fuel,2440.95,,-31775157.94
2025-05-30,Credit Card Payment,18569.42,,-31793727.36
2025-02-18,Insurance Premium,3137.5,,-31796864.86
2025-04-02,Insurance Premium,4070.37,,-31800935.23
2025-02-25,Medical Expense,4720.47,,-31805655.7
2025-06-07,Fuel,18267.64,,-31823923.34
2025-03-08,Flight Booking,9628.54,,-31833551.88
2025-04-08,Medical Expense,15189.11,,-31848740.99
2025-02-08,Salary Credited,,10454.74,-31838286.25
2025-03-26,Insurance Premium,14488.02,,-31852774.27
2025-04-08,Medical Expense,4825.11,,-31857599.38
2025-04-21,Medical Expense,11383.12,,-31868982.5
2025-06-18,SIP Investment,16562.89,,-31885545.39
2025-05-18,Flight Booking,19056.68,,-31904602.07
2025-03-18,SIP Investment,3349.02,,-31907951.09
2025-01-06,Electricity Bill,5948.15,,-31913899.24
2025-04-03,SIP Investment,14643.26,,-31928542.5
2025-04-09,Fuel,3298.71,,-31931841.21
2025-04-25,Insurance Premium,7509.49,,-31939350.7
2025-03-11,Credit Card Payment,6007.76,,-31945358.46
2025-03-24,Amazon Purchase,11031.48,,-31956389.94
2025-03-25,Medical Expense,16838.39,,-31973228.33
2025-02-03,Insurance Premium,10603.44,,-31983831.77
2025-01-26,SIP Investment,12647.73,,-31996479.5
2025-01-08,Credit Card Payment,16961.42,,-32013440.92
2025-06-02,UPI to Zomato,1177.26,,-32014618.18
2025-01-04,Credit Card Payment,4997.63,,-32019615.81
2025-01-05,Electricity Bill,11415.32,,-32031031.13
2025-06-13,Credit Card Payment,15499.53,,-32046530.66
2025-05-13,Credit Card Payment,17522.22,,-32064052.88
2025-02-19,Medical Expense,2150.69,,-32066203.57
2025-06-05,Credit Card Payment,5288.05,,-32071491.62
2025-06-15,Amazon Purchase,2508.61,,-32074000.23
2025-05-02,Flight Booking,8002.74,,-32082002.97
2025-05-15,Amazon Purchase,3084.79,,-32085087.76
2025-06-13,Flight Booking,10732.62,,-32095820.38
2025-04-24,Medical Expense,16013.65,,-32111834.03
2025-02-12,Medical Expense,19684.25,,-32131518.28
2025-01-25,Electricity Bill,16267.57,,-32147785.85
2025-03-16,Electricity Bill,11224.89,,-32159010.74
2025-02-22,Medical Expense,997.47,,-32160008.21
2025-01-03,Amazon Purchase,17226.8,,-32177235.01
2025-06-12,Fuel,2529.62,,-32179764.63
2025-03-18,Electricity Bill,9922.52,,-32189687.15
2025-02-04,Credit Card Payment,16339.73,,-32206026.88
2025-05-10,UPI to Zomato,6284.49,,-32212311.37
2025-03-25,Medical Expense,7409.63,,-32219721.0
2025-01-14,Insurance Premium,15898.56,,-32235619.56
2025-01-18,Salary Credited,,3690.36,-32231929.2
2025-01-22,Medical Expense,10797.66,,-32242726.86
2025-01-27,UPI to Zomato,13590.45,,-32256317.31
2025-05-23,Electricity Bill,8875.55,,-32265192.86
2025-01-12,SIP Investment,13635.02,,-32278827.88
2025-04-02,UPI to Zomato,4564.49,,-32283392.37
2025-06-17,Flight Booking,12803.8,,-32296196.17
2025-05-30,Fuel,8463.62,,-32304659.79
2025-03-21,Insurance Premium,19743.05,,-32324402.84
2025-01-11,Insurance Premium,683.25,,-32325086.09
2025-01-23,SIP Investment,2913.52,,-32327999.61
2025-03-22,Flight Booking,17154.7,,-32345154.31
2025-02-27,UPI to Zomato,9331.22,,-32354485.53
2025-01-31,Electricity Bill,14905.89,,-32369391.42
2025-02-03,Electricity Bill,12933.6,,-32382325.02
2025-04-16,Flight Booking,17586.37,,-32399911.39
2025-04-30,Credit Card Payment,18939.1,,-32418850.49
2025-06-17,Credit Card Payment,6897.65,,-32425748.14
2025-01-08,Insurance Premium,12730.12,,-32438478.26
2025-06-17,Credit Card Payment,3553.4,,-32442031.66
2025-03-17,Flight Booking,18432.05,,-32460463.71
2025-05-12,Electricity Bill,8252.48,,-32468716.19
2025-03-08,Credit Card Payment,8108.39,,-32476824.58
2025-04-03,Credit Card Payment,19389.09,,-32496213.67
2025-05-05,Credit Card Payment,9893.84,,-32506107.51
2025-06-23,SIP Investment,3128.09,,-32509235.6
2025-01-20,Flight Booking,15275.27,,-32524510.87
2025-05-25,Flight Booking,10912.79,,-32535423.66
2025-01-05,SIP Investment,1403.76,,-32536827.42
2025-02-21,Fuel,8435.21,,-32545262.63
2025-02-22,Insurance Premium,1401.27,,-32546663.9
2025-01-22,Medical Expense,10231.23,,-32556895.13
2025-02-26,Flight Booking,5638.42,,-32562533.55
2025-01-25,SIP Investment,4430.62,,-32566964.17
2025-04-18,UPI to Zomato,6120.03,,-32573084.2
2025-06-24,Medical Expense,8589.49,,-32581673.69
2025-04-06,Insurance Premium,14403.1,,-32596076.79
2025-02-17,Medical Expense,6529.17,,-32602605.96
2025-05-20,Flight Booking,14591.7,,-32617197.66
2025-06-12,Medical Expense,17733.64,,-32634931.3
2025-03-06,UPI to Zomato,17945.69,,-32652876.99
2025-05-01,Amazon Purchase,9303.94,,-32662180.93
2025-02-14,SIP Investment,19476.91,,-32681657.84
2025-06-09,Fuel,1852.46,,-32683510.3
2025-03-09,SIP Investment,17691.01,,-32701201.31
2025-06-22,Flight Booking,2239.82,,-32703441.13
2025-01-18,Fuel,7126.08,,-32710567.21
2025-06-24,Amazon Purchase,5108.57,,-32715675.78
2024-12-30,Credit Card Payment,9544.73,,-32725220.51
2025-01-12,Fuel,4843.74,,-32730064.25
2025-04-19,Insurance Premium,10393.13,,-32740457.38
2025-03-23,Insurance Premium,19359.28,,-32759816.66
2024-12-27,Flight Booking,5800.03,,-32765616.69
2025-01-12,Medical Expense,19788.26,,-32785404.95
2025-01-25,SIP Investment,1307.42,,-32786712.37
2025-02-16,Amazon Purchase,10402.04,,-32797114.41
2025-04-13,Insurance Premium,10000.35,,-32807114.76
2025-01-26,Medical Expense,1657.43,,-32808772.19
2025-02-26,Salary Credited,,11397.29,-32797374.9
2025-04-08,Fuel,10755.06,,-32808129.96
2025-06-24,Electricity Bill,5515.38,,-32813645.34
2025-06-06,UPI to Zomato,15752.61,,-32829397.95
2025-04-03,Salary Credited,,11455.15,-32817942.8
2025-03-11,Amazon Purchase,14245.96,,-32832188.76
2025-05-01,Credit Card Payment,2799.26,,-32834988.02
2025-02-21,Electricity Bill,9498.03,,-32844486.05
2025-03-25,Salary Credited,,6408.72,-32838077.33
2025-03-31,Amazon Purchase,4212.83,,-32842290.16
2025-06-11,Fuel,11715.27,,-32854005.43
2025-03-23,Fuel,19652.36,,-32873657.79
2025-06-13,Amazon Purchase,14073.96,,-32887731.75
2025-06-13,Credit Card Payment,8874.37,,-32896606.12
2025-02-04,Electricity Bill,2559.32,,-32899165.44
2025-02-21,SIP Investment,13600.13,,-32912765.57
2024-12-27,Insurance Premium,9678.25,,-32922443.82
2025-01-31,Electricity Bill,12959.89,,-32935403.71
2025-04-09,Flight Booking,18198.81,,-32953602.52
2025-02-12,Electricity Bill,1198.0,,-32954800.52
2025-03-21,SIP Investment,9115.28,,-32963915.8
2025-04-20,Flight Booking,18267.93,,-32982183.73
2025-05-18,Salary Credited,,15184.05,-32966999.68
2025-04-09,Electricity Bill,3482.43,,-32970482.11
2025-02-24,Flight Booking,18065.93,,-32988548.04
2025-03-05,Amazon Purchase,12963.32,,-33001511.36
2025-04-27,Amazon Purchase,2899.83,,-33004411.19
2025-01-12,Amazon Purchase,3066.63,,-33007477.82
2025-01-08,Credit Card Payment,2219.64,,-33009697.46
2025-02-20,Credit Card Payment,17640.1,,-33027337.56
2025-02-15,Amazon Purchase,3496.79,,-33030834.35
2025-02-12,Amazon Purchase,14745.71,,-33045580.06
2025-02-27,Fuel,1616.65,,-33047196.71
2025-06-15,Electricity Bill,7342.51,,-33054539.22
2025-01-24,Fuel,15531.16,,-33070070.38
2025-06-25,Amazon Purchase,19057.98,,-33089128.36
2025-06-02,SIP Investment,18455.99,,-33107584.35
2025-01-16,Electricity Bill,19008.13,,-33126592.48
2025-02-22,Fuel,18417.31,,-33145009.79
2025-04-24,Credit Card Payment,10175.8,,-33155185.59
2025-01-23,Electricity Bill,6747.24,,-33161932.83
2025-06-23,Credit Card Payment,3892.66,,-33165825.49
2025-05-06,Salary Credited,,15122.95,-33150702.54
2025-01-17,Amazon Purchase,14179.2,,-33164881.74
2025-04-18,Flight Booking,12040.57,,-33176922.31
2025-05-19,Credit Card Payment,16604.06,,-33193526.37
2025-01-30,Medical Expense,1212.63,,-33194739.0
2025-03-26,Salary Credited,,18139.7,-33176599.3
2025-04-05,Amazon Purchase,13804.03,,-33190403.33
2025-01-25,Flight Booking,17413.02,,-33207816.35
2025-06-20,Flight Booking,6414.91,,-33214231.26
2025-02-04,Insurance Premium,11811.57,,-33226042.83
2025-03-25,Amazon Purchase,12610.96,,-33238653.79
2025-01-23,Medical Expense,5369.28,,-33244023.07
2025-03-23,Credit Card Payment,8179.03,,-33252202.1
2025-04-13,Amazon Purchase,4742.32,,-33256944.42
2025-01-22,Credit Card Payment,2705.13,,-33259649.55
2025-04-21,Fuel,2503.27,,-33262152.82
2025-05-11,Electricity Bill,1636.41,,-33263789.23
2025-05-02,Insurance Premium,803.19,,-33264592.42
2024-12-28,Insurance Premium,8257.66,,-33272850.08
2025-05-08,Electricity Bill,17031.01,,-33289881.09
2025-01-19,SIP Investment,1992.53,,-33291873.62
2025-01-29,Medical Expense,4294.95,,-33296168.57
2025-04-29,Salary Credited,,2170.69,-33293997.88
2025-04-26,UPI to Zomato,11221.99,,-33305219.87
2025-01-19,Fuel,16929.3,,-33322149.17
2025-03-07,Medical Expense,8114.13,,-33330263.3
2024-12-30,SIP Investment,17595.74,,-33347859.04
2025-06-04,Fuel,617.18,,-33348476.22
2025-06-22,Fuel,15677.79,,-33364154.01
2025-03-26,SIP Investment,15811.31,,-33379965.32
2025-04-22,Medical Expense,14614.78,,-33394580.1
2025-01-01,Amazon Purchase,11133.13,,-33405713.23
2025-03-01,Flight Booking,12787.34,,-33418500.57
2025-06-19,Salary Credited,,15316.62,-33403183.95
2025-06-10,Flight Booking,16912.53,,-33420096.48
2025-03-16,UPI to Zomato,12593.48,,-33432689.96
2025-04-28,Amazon Purchase,4346.96,,-33437036.92
2025-01-27,Amazon Purchase,16444.23,,-33453481.15
2025-05-29,UPI to Zomato,7702.2,,-33461183.35
2025-01-24,UPI to Zomato,7870.68,,-33469054.03
2024-12-27,SIP Investment,17661.03,,-33486715.06
2025-03-08,Insurance Premium,14290.4,,-33501005.46
2024-12-31,Salary Credited,,7777.56,-33493227.9
2024-12-26,Medical Expense,10825.52,,-33504053.42
2025-02-01,UPI to Zomato,4963.18,,-33509016.6
2025-04-08,UPI to Zomato,16398.32,,-33525414.92
2025-02-06,Electricity Bill,6659.93,,-33532074.85
2025-02-27,UPI to Zomato,848.16,,-33532923.01
2025-04-21,UPI to Zomato,7712.94,,-33540635.95
2025-03-10,Medical Expense,18220.29,,-33558856.24
2025-04-20,Amazon Purchase,14812.03,,-33573668.27
2025-04-19,Amazon Purchase,15386.81,,-33589055.08
2024-12-26,Credit Card Payment,5521.06,,-33594576.14
2025-06-16,Credit Card Payment,3047.66,,-33597623.8
2025-06-15,Amazon Purchase,8192.53,,-33605816.33
2025-02-03,Electricity Bill,7334.05,,-33613150.38
2025-02-04,Credit Card Payment,4202.85,,-33617353.23
2025-01-08,UPI to Zomato,18636.35,,-33635989.58
2025-06-23,Amazon Purchase,4747.93,,-33640737.51
2025-06-22,Insurance Premium,7636.43,,-33648373.94
2025-02-24,Salary Credited,,10539.64,-33637834.3
2025-02-02,SIP Investment,7432.68,,-33645266.98
2025-06-23,Credit Card Payment,1177.74,,-33646444.72
2025-04-14,Fuel,12427.69,,-33658872.41
2025-02-10,Flight Booking,11071.19,,-33669943.6
2025-02-19,Flight Booking,1918.84,,-33671862.44
2025-04-20,Fuel,9667.23,,-33681529.67
2025-04-10,UPI to Zomato,18781.93,,-33700311.6
2025-04-27,Electricity Bill,11070.74,,-33711382.34
2025-02-27,Medical Expense,7269.81,,-33718652.15
2025-01-17,Credit Card Payment,13819.59,,-33732471.74
2025-04-17,UPI to Zomato,4367.04,,-33736838.78
2025-01-08,SIP Investment,18831.37,,-33755670.15
2025-02-15,Fuel,19680.82,,-33775350.97
2025-02-16,Salary Credited,,18887.33,-33756463.64
2025-05-13,Medical Expense,2376.88,,-33758840.52
2025-03-05,UPI to Zomato,18860.23,,-33777700.75
2025-05-29,Medical Expense,9719.92,,-33787420.67
2025-06-11,Insurance Premium,7921.08,,-33795341.75
2025-01-04,Medical Expense,17028.01,,-33812369.76
2025-03-13,Insurance Premium,653.58,,-33813023.34
2025-03-18,Salary Credited,,4656.34,-33808367.0
2025-06-20,Insurance Premium,12841.12,,-33821208.12
2025-05-04,Medical Expense,8946.08,,-33830154.2
2025-01-07,Fuel,12768.37,,-33842922.57
2025-01-16,Salary Credited,,18934.53,-33823988.04
2025-05-01,Electricity Bill,6942.14,,-33830930.18
2025-05-27,SIP Investment,9081.06,,-33840011.24
2025-04-09,UPI to Zomato,17792.16,,-33857803.4
2025-05-03,Credit Card Payment,18945.15,,-33876748.55
2025-03-03,SIP Investment,1213.45,,-33877962.0
2025-02-16,Credit Card Payment,6479.21,,-33884441.21
2025-05-23,UPI to Zomato,2617.73,,-33887058.94
2025-02-07,Insurance Premium,1580.65,,-33888639.59
2025-03-08,Amazon Purchase,15431.42,,-33904071.01
2025-03-17,UPI to Zomato,19479.54,,-33923550.55
2025-06-08,UPI to Zomato,14868.64,,-33938419.19
2025-05-01,Electricity Bill,3327.26,,-33941746.45
2025-01-15,Amazon Purchase,5550.52,,-33947296.97
2025-02-19,Salary Credited,,3144.17,-33944152.8
2025-06-10,Flight Booking,4141.5,,-33948294.3
2025-04-06,Insurance Premium,18680.48,,-33966974.78
2025-02-07,Medical Expense,11216.96,,-33978191.74
2025-03-29,UPI to Zomato,12034.79,,-33990226.53
2025-01-01,Medical Expense,19512.83,,-34009739.36
2025-04-06,Salary Credited,,11741.84,-33997997.52
2025-04-30,Credit Card Payment,15316.39,,-34013313.91
2025-02-13,Flight Booking,17832.49,,-34031146.4
2025-05-09,UPI to Zomato,18864.71,,-34050011.11
2025-02-02,Medical Expense,19202.06,,-34069213.17
2025-02-28,Fuel,2839.54,,-34072052.71
2025-01-05,Salary Credited,,19053.55,-34052999.16
2025-05-17,Medical Expense,6230.23,,-34059229.39
2025-02-02,Flight Booking,507.37,,-34059736.76
2025-02-22,Fuel,1597.37,,-34061334.13
2025-02-22,SIP Investment,9859.91,,-34071194.04
2025-03-27,Insurance Premium,17962.7,,-34089156.74
2025-01-22,Credit Card Payment,14831.42,,-34103988.16
2025-02-04,Electricity Bill,4840.13,,-34108828.29
2025-05-19,Fuel,13732.41,,-34122560.7
2025-03-13,Insurance Premium,19047.89,,-34141608.59
2025-04-08,Medical Expense,15990.39,,-34157598.98
2025-03-17,Insurance Premium,1572.75,,-34159171.73
2025-03-23,Amazon Purchase,13104.3,,-34172276.03
2025-03-09,Medical Expense,13616.43,,-34185892.46
2025-03-14,Insurance Premium,15808.92,,-34201701.38
2025-05-04,Electricity Bill,3445.17,,-34205146.55
2025-01-28,Salary Credited,,16264.14,-34188882.41
2025-05-26,Fuel,10632.61,,-34199515.02
2025-01-13,SIP Investment,9592.38,,-34209107.4
2025-01-04,Fuel,1373.41,,-34210480.81
2025-04-13,Credit Card Payment,5920.35,,-34216401.16
2025-02-27,Electricity Bill,5670.57,,-34222071.73
2025-05-21,Salary Credited,,14552.9,-34207518.83
2025-04-26,Medical Expense,15466.57,,-34222985.4
2025-04-09,Salary Credited,,1803.1,-34221182.3
2025-06-05,Medical Expense,5925.63,,-34227107.93
2025-02-23,UPI to Zomato,6601.73,,-34233709.66
2025-04-29,Salary Credited,,15460.63,-34218249.03
2025-05-16,Insurance Premium,1752.24,,-34220001.27
2025-02-15,SIP Investment,2196.31,,-34222197.58
2025-03-02,Credit Card Payment,19098.05,,-34241295.63
2025-02-15,Credit Card Payment,5923.9,,-34247219.53
2025-06-19,Credit Card Payment,2919.9,,-34250139.43
2025-03-06,UPI to Zomato,8814.2,,-34258953.63
2025-02-20,UPI to Zomato,5930.81,,-34264884.44
2025-04-10,Medical Expense,19158.63,,-34284043.07
2024-12-27,Credit Card Payment,15838.71,,-34299881.78
2025-05-07,Amazon Purchase,5960.83,,-34305842.61
2025-01-15,Salary Credited,,5411.41,-34300431.2
2025-06-23,SIP Investment,5201.03,,-34305632.23
2025-02-08,Electricity Bill,7909.78,,-34313542.01
2025-01-16,Flight Booking,17517.97,,-34331059.98
2024-12-27,Fuel,17796.14,,-34348856.12
2025-02-23,UPI to Zomato,17082.21,,-34365938.33
2025-04-10,Electricity Bill,1763.33,,-34367701.66
2025-05-31,Credit Card Payment,17518.21,,-34385219.87
2025-01-09,Salary Credited,,4803.4,-34380416.47
2025-04-07,Credit Card Payment,4612.85,,-34385029.32
2025-05-18,Insurance Premium,17335.3,,-34402364.62
2025-04-29,Medical Expense,5298.19,,-34407662.81
2025-04-13,Amazon Purchase,14353.02,,-34422015.83
2025-06-06,Flight Booking,1328.5,,-34423344.33
2025-03-31,Salary Credited,,9243.04,-34414101.29
2025-02-26,Insurance Premium,14244.04,,-34428345.33
2025-05-30,Insurance Premium,8795.76,,-34437141.09
2025-05-28,Medical Expense,17368.55,,-34454509.64
2025-04-24,Credit Card Payment,10485.61,,-34464995.25
2025-03-25,Flight Booking,17094.7,,-34482089.95
2025-04-15,Fuel,10044.89,,-34492134.84
2025-02-13,Insurance Premium,13624.16,,-34505759.0
2025-05-23,Flight Booking,15617.08,,-34521376.08
2025-01-17,Amazon Purchase,13795.56,,-34535171.64
2025-03-15,Salary Credited,,12035.67,-34523135.97
2025-06-17,Salary Credited,,19712.62,-34503423.35
2025-05-08,UPI to Zomato,9697.31,,-34513120.66
2025-01-05,Electricity Bill,11749.51,,-34524870.17
2025-03-11,Fuel,3084.45,,-34527954.62
2025-05-04,Salary Credited,,8372.45,-34519582.17
2024-12-26,Insurance Premium,14470.09,,-34534052.26
2025-04-30,Medical Expense,16941.74,,-34550994.0
2025-04-23,Insurance Premium,824.24,,-34551818.24
2025-02-09,Salary Credited,,1342.81,-34550475.43
2025-02-25,Fuel,9449.27,,-34559924.7
2025-03-12,UPI to Zomato,15166.52,,-34575091.22
2025-01-29,Medical Expense,14409.31,,-34589500.53
2025-06-15,Insurance Premium,15940.78,,-34605441.31
2025-05-11,Medical Expense,17065.02,,-34622506.33
2025-05-10,Fuel,8450.8,,-34630957.13
2025-02-28,Electricity Bill,12454.18,,-34643411.31
2025-06-24,Insurance Premium,12255.04,,-34655666.35
2025-06-08,Insurance Premium,16316.88,,-34671983.23
2025-03-16,UPI to Zomato,4531.34,,-34676514.57
2025-03-01,Credit Card Payment,17021.11,,-34693535.68
2025-06-23,Fuel,686.44,,-34694222.12
2025-02-13,Electricity Bill,6342.85,,-34700564.97
2024-12-29,Electricity Bill,18975.26,,-34719540.23
2025-06-08,UPI to Zomato,19326.73,,-34738866.96
2025-02-13,Medical Expense,5553.64,,-34744420.6
2025-05-26,Flight Booking,18136.94,,-34762557.54
2025-03-01,UPI to Zomato,6744.47,,-34769302.01
2025-03-26,Amazon Purchase,4995.04,,-34774297.05
2025-03-11,Amazon Purchase,16921.93,,-34791218.98
2025-04-06,Credit Card Payment,8113.27,,-34799332.25
2025-05-09,SIP Investment,9264.35,,-34808596.6
2025-06-18,UPI to Zomato,3114.62,,-34811711.22
2025-02-20,Flight Booking,5769.44,,-34817480.66
2025-05-14,Fuel,10349.63,,-34827830.29
2025-01-11,SIP Investment,12483.64,,-34840313.93
2025-05-22,Fuel,19052.5,,-34859366.43
2025-04-14,SIP Investment,18125.46,,-34877491.89
2025-01-10,UPI to Zomato,13654.85,,-34891146.74
2025-06-13,Insurance Premium,11155.46,,-34902302.2
2025-05-20,UPI to Zomato,2680.3,,-34904982.5
2025-02-20,Fuel,4264.5,,-34909247.0
2025-05-21,Medical Expense,8540.15,,-34917787.15
2025-06-22,UPI to Zomato,3571.91,,-34921359.06
2025-05-20,Medical Expense,17853.03,,-34939212.09
2025-03-06,Credit Card Payment,1504.57,,-34940716.66
2025-06-24,Insurance Premium,10544.03,,-34951260.69
2025-01-11,Salary Credited,,1692.69,-34949568.0
2025-02-04,Amazon Purchase,12613.73,,-34962181.73
2025-06-04,Amazon Purchase,9682.72,,-34971864.45
2025-01-08,Insurance Premium,2250.73,,-34974115.18
2025-05-24,Credit Card Payment,8597.66,,-34982712.84
2025-03-19,Amazon Purchase,2043.32,,-34984756.16
2024-12-31,SIP Investment,4287.1,,-34989043.26
2025-02-12,Salary Credited,,7538.14,-34981505.12
2025-01-20,Fuel,8146.67,,-34989651.79
2025-05-09,Salary Credited,,1812.95,-34987838.84
2025-05-06,Electricity Bill,9346.48,,-34997185.32
2025-05-04,Medical Expense,10206.84,,-35007392.16
2025-03-01,Salary Credited,,11085.83,-34996306.33
2025-04-09,SIP Investment,17639.54,,-35013945.87
2025-05-23,Insurance Premium,9807.34,,-35023753.21
2025-06-07,UPI to Zomato,13333.54,,-35037086.75
2025-04-20,Medical Expense,9613.94,,-35046700.69
2025-02-23,Flight Booking,15731.54,,-35062432.23
2025-02-02,Fuel,2585.51,,-35065017.74
2025-05-09,Amazon Purchase,7069.5,,-35072087.24
2025-03-02,Medical Expense,16445.56,,-35088532.8
2025-01-20,SIP Investment,19699.82,,-35108232.62
2025-05-15,Salary Credited,,1640.33,-35106592.29
2025-04-26,Credit Card Payment,14459.37,,-35121051.66
2025-04-06,Flight Booking,10479.0,,-35131530.66
2025-01-05,Credit Card Payment,17288.37,,-35148819.03
2025-05-13,Medical Expense,2617.11,,-35151436.14
2025-06-07,Flight Booking,6676.82,,-35158112.96
2025-02-10,Electricity Bill,10328.79,,-35168441.75
2025-01-26,Flight Booking,1103.37,,-35169545.12
2025-04-15,Amazon Purchase,10915.8,,-35180460.92
2025-06-11,SIP Investment,18140.59,,-35198601.51
2025-06-11,Fuel,6468.87,,-35205070.38
2025-02-04,Electricity Bill,19154.29,,-35224224.67
2025-06-10,Credit Card Payment,2283.39,,-35226508.06
2025-03-01,Flight Booking,8347.86,,-35234855.92
2024-12-30,Flight Booking,8462.28,,-35243318.2
2025-06-02,Fuel,12658.31,,-35255976.51
2025-04-07,Flight Booking,18165.33,,-35274141.84
2025-04-18,Medical Expense,5427.21,,-35279569.05
2025-06-05,Insurance Premium,9169.31,,-35288738.36
2025-05-30,Insurance Premium,13365.28,,-35302103.64
2025-06-23,Credit Card Payment,4498.21,,-35306601.85
2025-02-21,Flight Booking,10327.71,,-35316929.56
2025-01-25,Amazon Purchase,12970.97,,-35329900.53
2025-05-26,Fuel,14277.56,,-35344178.09
2025-04-28,Salary Credited,,15356.5,-35328821.59
2025-02-04,Credit Card Payment,2281.25,,-35331102.84
2025-04-29,Amazon Purchase,7890.68,,-35338993.52
2025-05-01,Fuel,5355.67,,-35344349.19
2025-03-19,Medical Expense,12611.01,,-35356960.2
2025-04-02,SIP Investment,7683.01,,-35364643.21
2025-06-23,Electricity Bill,18102.77,,-35382745.98
2025-04-07,Flight Booking,15526.81,,-35398272.79
2025-05-14,Flight Booking,9354.77,,-35407627.56
2025-03-20,Insurance Premium,14178.65,,-35421806.21
2025-05-01,Amazon Purchase,16862.0,,-35438668.21
2025-03-23,Fuel,19038.86,,-35457707.07
2025-06-13,UPI to Zomato,12416.05,,-35470123.12
2025-03-15,SIP Investment,6385.71,,-35476508.83
2025-06-13,Fuel,15223.56,,-35491732.39
2025-05-22,Medical Expense,4798.5,,-35496530.89
2025-02-04,Fuel,5961.61,,-35502492.5
2024-12-29,Salary Credited,,16549.39,-35485943.11
2025-05-03,Amazon Purchase,19133.18,,-35505076.29
2025-01-12,Amazon Purchase,5576.5,,-35510652.79
2025-01-16,UPI to Zomato,9084.72,,-35519737.51
2025-05-19,Salary Credited,,14667.89,-35505069.62
2025-03-12,Medical Expense,752.65,,-35505822.27
2025-02-07,Insurance Premium,10995.7,,-35516817.97
2025-01-23,Flight Booking,13861.45,,-35530679.42
2025-04-11,Electricity Bill,18032.86,,-35548712.28
2025-01-23,UPI to Zomato,10188.98,,-35558901.26
2025-03-30,Fuel,2212.53,,-35561113.79
2025-03-07,Medical Expense,13881.27,,-35574995.06
2025-03-25,Insurance Premium,13934.38,,-35588929.44
2025-04-16,Salary Credited,,11803.69,-35577125.75
2025-04-26,SIP Investment,10573.13,,-35587698.88
2025-04-17,Medical Expense,11022.11,,-35598720.99
2025-01-17,Credit Card Payment,11994.5,,-35610715.49
2025-04-03,Credit Card Payment,12257.31,,-35622972.8
2025-05-23,SIP Investment,13279.02,,-35636251.82
2025-01-11,Fuel,18562.37,,-35654814.19
2025-04-12,Amazon Purchase,10969.17,,-35665783.36
2025-05-30,Flight Booking,4236.82,,-35670020.18
2025-04-21,Flight Booking,11847.83,,-35681868.01
2025-06-25,Electricity Bill,1142.52,,-35683010.53
2025-01-20,Credit Card Payment,4916.96,,-35687927.49
2025-04-29,Insurance Premium,3835.6,,-35691763.09
2025-02-14,Salary Credited,,8646.2,-35683116.89
2025-02-25,UPI to Zomato,5075.9,,-35688192.79
2025-06-06,Flight Booking,17529.93,,-35705722.72
2025-05-05,Salary Credited,,3475.0,-35702247.72
2025-04-05,Flight Booking,1850.44,,-35704098.16
2025-05-06,Insurance Premium,14972.87,,-35719071.03
2025-04-20,UPI to Zomato,6297.33,,-35725368.36
2025-01-04,UPI to Zomato,3241.16,,-35728609.52
2025-06-07,Electricity Bill,17885.84,,-35746495.36
2025-03-22,SIP Investment,1354.28,,-35747849.64
2025-05-22,Amazon Purchase,843.79,,-35748693.43
2024-12-30,Credit Card Payment,15260.46,,-35763953.89
2024-12-29,Medical Expense,9312.67,,-35773266.56
2025-05-24,Medical Expense,11919.01,,-35785185.57
2025-02-19,Electricity Bill,17028.76,,-35802214.33
2025-03-13,Amazon Purchase,3236.91,,-35805451.24
2025-05-02,Credit Card Payment,15185.58,,-35820636.82
2025-03-15,Medical Expense,13991.86,,-35834628.68
2025-04-05,Fuel,11065.92,,-35845694.6
2025-02-11,Insurance Premium,6257.19,,-35851951.79
2025-02-03,Fuel,19366.66,,-35871318.45
2025-01-28,UPI to Zomato,5737.43,,-35877055.88
2025-05-07,Amazon Purchase,2213.11,,-35879268.99
2025-02-10,SIP Investment,12242.64,,-35891511.63
2025-02-14,Credit Card Payment,8183.64,,-35899695.27
2024-12-30,UPI to Zomato,11280.12,,-35910975.39
2025-02-11,Credit Card Payment,19671.42,,-35930646.81
2025-03-11,Medical Expense,18998.24,,-35949645.05
2025-04-09,Amazon Purchase,13895.86,,-35963540.91
2025-01-03,Medical Expense,16426.86,,-35979967.77
2025-03-06,Electricity Bill,4700.6,,-35984668.37
2025-01-21,Credit Card Payment,11435.38,,-35996103.75
2025-06-19,Salary Credited,,13937.34,-35982166.41
2025-04-29,Insurance Premium,11705.98,,-35993872.39
2025-02-19,SIP Investment,13068.94,,-36006941.33
2025-05-07,Credit Card Payment,8398.13,,-36015339.46
2025-02-05,Fuel,3896.71,,-36019236.17
2025-06-12,SIP Investment,11078.2,,-36030314.37
2025-04-02,Credit Card Payment,3821.0,,-36034135.37
2025-02-28,SIP Investment,12906.56,,-36047041.93
2025-01-01,Flight Booking,12498.31,,-36059540.24
2025-01-12,Fuel,19080.03,,-36078620.27
2025-06-11,Salary Credited,,4475.91,-36074144.36
2025-03-09,Salary Credited,,18580.49,-36055563.87
2025-06-17,Electricity Bill,810.57,,-36056374.44
2025-03-11,Medical Expense,13260.12,,-36069634.56
2025-02-08,UPI to Zomato,4825.98,,-36074460.54
2025-01-28,Fuel,13549.87,,-36088010.41
2025-04-06,Salary Credited,,650.84,-36087359.57
2025-05-10,SIP Investment,15594.26,,-36102953.83
2025-06-10,Credit Card Payment,12066.15,,-36115019.98
2025-02-08,SIP Investment,15826.82,,-36130846.8
2025-02-19,Insurance Premium,9879.65,,-36140726.45
2025-05-29,SIP Investment,14578.79,,-36155305.24
2025-01-14,Fuel,19377.2,,-36174682.44
2025-03-11,Amazon Purchase,16922.24,,-36191604.68
2024-12-28,Electricity Bill,4361.74,,-36195966.42
2025-02-25,Amazon Purchase,11848.65,,-36207815.07
2025-05-03,Salary Credited,,3324.69,-36204490.38
2025-04-11,Flight Booking,14593.12,,-36219083.5
2025-06-17,Salary Credited,,3395.39,-36215688.11
2025-06-03,Medical Expense,19188.37,,-36234876.48
2025-06-02,Fuel,15747.68,,-36250624.16
2025-02-24,UPI to Zomato,4116.31,,-36254740.47
2025-04-09,Credit Card Payment,8307.97,,-36263048.44
2025-05-25,Insurance Premium,17182.47,,-36280230.91
2025-03-21,Insurance Premium,6150.36,,-36286381.27
2025-06-07,SIP Investment,12935.92,,-36299317.19
2025-04-10,Flight Booking,1590.1,,-36300907.29
2025-05-31,Flight Booking,16929.06,,-36317836.35
2025-04-27,Flight Booking,11526.1,,-36329362.45
2025-06-23,Amazon Purchase,17161.61,,-36346524.06
2025-02-21,Insurance Premium,9990.65,,-36356514.71
2025-04-02,Salary Credited,,18894.97,-36337619.74
2025-04-25,Credit Card Payment,13358.61,,-36350978.35
2025-03-14,Salary Credited,,1610.42,-36349367.93
2025-01-15,Fuel,3609.29,,-36352977.22
2025-01-01,SIP Investment,15227.09,,-36368204.31
2025-04-16,UPI to Zomato,2372.42,,-36370576.73
2025-06-06,Insurance Premium,8865.51,,-36379442.24
2025-05-04,Amazon Purchase,1907.76,,-36381350.0
2025-03-23,Credit Card Payment,7683.45,,-36389033.45
2025-03-10,Flight Booking,5191.67,,-36394225.12
2025-02-20,Amazon Purchase,13615.8,,-36407840.92
2025-02-22,Flight Booking,8720.46,,-36416561.38
2025-04-07,Medical Expense,12790.55,,-36429351.93
2025-04-18,UPI to Zomato,10295.09,,-36439647.02
2025-05-18,Salary Credited,,7732.11,-36431914.91
2025-06-16,UPI to Zomato,1826.28,,-36433741.19
2025-01-28,SIP Investment,12845.48,,-36446586.67
2025-01-17,SIP Investment,15597.2,,-36462183.87
2025-01-14,Salary Credited,,10691.94,-36451491.93
2025-02-09,Flight Booking,7078.23,,-36458570.16
2025-03-19,SIP Investment,5208.75,,-36463778.91
2025-04-25,Salary Credited,,5057.14,-36458721.77
2025-01-24,Amazon Purchase,11318.46,,-36470040.23
2025-04-18,Flight Booking,18741.55,,-36488781.78
2025-03-07,Fuel,1897.99,,-36490679.77
2025-03-27,Electricity Bill,6922.68,,-36497602.45
2025-04-23,Credit Card Payment,17303.29,,-36514905.74
2025-04-19,UPI to Zomato,2884.24,,-36517789.98
2025-05-15,Credit Card Payment,12723.52,,-36530513.5
2025-05-18,Salary Credited,,15213.41,-36515300.09
2025-03-19,Flight Booking,14008.38,,-36529308.47
2025-06-11,UPI to Zomato,9961.9,,-36539270.37
2025-04-17,Credit Card Payment,6162.3,,-36545432.67
2025-03-02,Credit Card Payment,3244.67,,-36548677.34
2025-05-13,UPI to Zomato,18778.06,,-36567455.4
2025-02-12,SIP Investment,19443.84,,-36586899.24
2025-02-26,Insurance Premium,1889.92,,-36588789.16
2025-05-03,UPI to Zomato,694.27,,-36589483.43
2025-01-08,Amazon Purchase,15128.76,,-36604612.19
2025-03-28,SIP Investment,12957.53,,-36617569.72
2025-04-11,Fuel,11531.94,,-36629101.66
2025-06-19,Electricity Bill,1537.32,,-36630638.98
2025-02-01,Electricity Bill,9248.42,,-36639887.4
2025-03-03,Flight Booking,16215.16,,-36656102.56
2025-05-08,Amazon Purchase,902.63,,-36657005.19
2025-02-11,Salary Credited,,8030.56,-36648974.63
2025-04-29,UPI to Zomato,8031.79,,-36657006.42
2025-06-04,Electricity Bill,14602.82,,-36671609.24
2025-01-20,Credit Card Payment,10461.7,,-36682070.94
2025-03-28,Medical Expense,10526.44,,-36692597.38
2025-01-04,Salary Credited,,8840.73,-36683756.65
2025-03-15,Medical Expense,10738.11,,-36694494.76
2025-05-24,Medical Expense,2177.38,,-36696672.14
2024-12-31,UPI to Zomato,2511.84,,-36699183.98
2025-02-05,Salary Credited,,6947.6,-36692236.38
2025-04-04,Electricity Bill,16614.63,,-36708851.01
2025-03-01,UPI to Zomato,16904.44,,-36725755.45
2025-06-05,Insurance Premium,1816.43,,-36727571.88
2025-06-07,Medical Expense,9422.45,,-36736994.33
2025-02-25,Salary Credited,,18480.92,-36718513.41
2025-04-28,Amazon Purchase,2964.95,,-36721478.36
2025-05-11,Credit Card Payment,7351.55,,-36728829.91
2025-04-17,Credit Card Payment,4162.2,,-36732992.11
2025-06-14,UPI to Zomato,13495.38,,-36746487.49
2025-02-21,UPI to Zomato,595.63,,-36747083.12
2025-05-13,UPI to Zomato,7656.5,,-36754739.62
2025-02-10,Flight Booking,9060.26,,-36763799.88
2025-06-07,Insurance Premium,16924.4,,-36780724.28
2025-05-28,Credit Card Payment,10956.17,,-36791680.45
2025-04-16,Electricity Bill,12613.72,,-36804294.17
2025-01-05,UPI to Zomato,6504.81,,-36810798.98
2025-05-02,Medical Expense,18857.71,,-36829656.69
2025-06-01,Insurance Premium,11471.35,,-36841128.04
2025-05-27,Fuel,9538.14,,-36850666.18
2025-03-22,Fuel,10306.27,,-36860972.45
2025-06-09,Credit Card Payment,14272.06,,-36875244.51
2025-04-24,Insurance Premium,18061.22,,-36893305.73
2025-03-23,Insurance Premium,4723.43,,-36898029.16
2025-04-26,Insurance Premium,8168.78,,-36906197.94
2025-02-02,Salary Credited,,10409.44,-36895788.5
2024-12-26,Insurance Premium,14255.08,,-36910043.58
2025-01-11,Electricity Bill,18335.68,,-36928379.26
2025-03-19,Insurance Premium,17000.27,,-36945379.53
2025-01-24,Flight Booking,18469.38,,-36963848.91
2025-04-06,Medical Expense,11266.13,,-36975115.04
2025-01-27,Electricity Bill,6040.43,,-36981155.47
2025-01-17,Electricity Bill,9622.65,,-36990778.12
2025-03-15,Medical Expense,8172.17,,-36998950.29
2025-03-09,SIP Investment,5444.85,,-37004395.14
2025-01-24,Salary Credited,,7754.91,-36996640.23
2025-04-02,Salary Credited,,16054.59,-36980585.64
2025-04-06,UPI to Zomato,15512.84,,-36996098.48
2025-06-20,Medical Expense,3350.48,,-36999448.96
2025-02-18,Medical Expense,12597.65,,-37012046.61
2025-05-15,UPI to Zomato,6594.53,,-37018641.14
2025-03-07,Credit Card Payment,946.75,,-37019587.89
2025-02-22,Flight Booking,6988.43,,-37026576.32
2025-04-12,UPI to Zomato,18323.25,,-37044899.57
2025-05-22,Credit Card Payment,8728.63,,-37053628.2
2025-03-17,Fuel,5784.34,,-37059412.54
2025-04-13,Flight Booking,1727.73,,-37061140.27
2025-04-20,Amazon Purchase,13577.5,,-37074717.77
2025-06-06,SIP Investment,19156.31,,-37093874.08
2025-05-07,SIP Investment,11165.0,,-37105039.08
2025-04-22,SIP Investment,18130.4,,-37123169.48
2025-04-23,Insurance Premium,12558.97,,-37135728.45
2025-04-28,Salary Credited,,16833.58,-37118894.87
2025-04-13,Flight Booking,5503.58,,-37124398.45
2025-05-01,Salary Credited,,3906.32,-37120492.13
2025-02-09,Flight Booking,4207.05,,-37124699.18
2025-04-05,Fuel,10933.75,,-37135632.93
2025-05-05,Fuel,12722.85,,-37148355.78
2025-05-16,Salary Credited,,10480.61,-37137875.17
2025-05-25,Electricity Bill,2285.01,,-37140160.18
2025-03-21,Salary Credited,,2898.77,-37137261.41
2025-02-06,Fuel,8868.77,,-37146130.18
2025-02-13,Amazon Purchase,12855.94,,-37158986.12
2025-06-19,Credit Card Payment,16255.38,,-37175241.5
2025-06-12,SIP Investment,11935.28,,-37187176.78
2025-05-07,Electricity Bill,18493.06,,-37205669.84
2025-05-25,Insurance Premium,8095.47,,-37213765.31
2025-04-06,Amazon Purchase,12283.53,,-37226048.84
2025-05-30,Flight Booking,17347.44,,-37243396.28
2025-02-11,Flight Booking,15282.74,,-37258679.02
2025-04-13,Amazon Purchase,3443.4,,-37262122.42
2025-06-25,Medical Expense,15488.79,,-37277611.21
2025-04-16,Amazon Purchase,19436.29,,-37297047.5
2025-02-11,Electricity Bill,12852.72,,-37309900.22
2025-01-09,Medical Expense,12272.45,,-37322172.67
2024-12-27,Salary Credited,,12306.95,-37309865.72
2025-01-11,Credit Card Payment,18142.51,,-37328008.23
2024-12-27,SIP Investment,10276.57,,-37338284.8
2025-06-16,Amazon Purchase,1838.9,,-37340123.7
2025-03-31,Credit Card Payment,4427.86,,-37344551.56
2025-02-25,UPI to Zomato,19530.02,,-37364081.58
2025-03-30,Credit Card Payment,9618.79,,-37373700.37
2025-03-30,Amazon Purchase,16273.45,,-37389973.82
2025-06-01,Salary Credited,,5099.3,-37384874.52
2025-06-08,Fuel,8602.3,,-37393476.82
2025-03-13,UPI to Zomato,13816.59,,-37407293.41
2025-03-21,UPI to Zomato,8040.59,,-37415334.0
2025-01-31,Medical Expense,2875.65,,-37418209.65
2025-05-07,Salary Credited,,18457.43,-37399752.22
2025-04-18,SIP Investment,18003.85,,-37417756.07
2025-02-16,Insurance Premium,3121.93,,-37420878.0
2025-01-26,Fuel,8348.9,,-37429226.9
2025-06-06,SIP Investment,11641.07,,-37440867.97
2025-06-16,Flight Booking,7288.6,,-37448156.57
2025-02-28,Flight Booking,10793.47,,-37458950.04
2025-05-18,UPI to Zomato,8933.33,,-37467883.37
2025-04-09,SIP Investment,10721.13,,-37478604.5
2025-03-13,Flight Booking,3868.41,,-37482472.91
2025-05-19,Electricity Bill,17138.77,,-37499611.68
2025-04-10,Salary Credited,,541.3,-37499070.38
2025-02-04,Fuel,17945.75,,-37517016.13
2025-05-07,SIP Investment,8486.44,,-37525502.57
2025-03-16,Salary Credited,,9250.79,-37516251.78
2024-12-29,Salary Credited,,18724.67,-37497527.11
2025-01-30,Flight Booking,2986.93,,-37500514.04
2025-01-08,UPI to Zomato,6154.21,,-37506668.25
2025-02-14,Insurance Premium,4555.9,,-37511224.15
2025-06-22,Flight Booking,4096.4,,-37515320.55
2025-03-15,Credit Card Payment,10306.15,,-37525626.7
2025-03-16,Salary Credited,,17025.48,-37508601.22
2025-01-05,Flight Booking,16218.44,,-37524819.66
2025-06-06,Fuel,17445.58,,-37542265.24
2025-06-10,Credit Card Payment,769.57,,-37543034.81
2025-01-09,Flight Booking,6293.7,,-37549328.51
2025-02-04,Amazon Purchase,1578.76,,-37550907.27
2025-02-10,Credit Card Payment,8036.27,,-37558943.54
2025-01-01,Salary Credited,,18695.24,-37540248.3
2025-02-22,Electricity Bill,3200.56,,-37543448.86
2025-02-01,Fuel,4956.24,,-37548405.1
2025-06-09,UPI to Zomato,5476.13,,-37553881.23
2025-04-06,UPI to Zomato,3438.23,,-37557319.46
2025-02-06,SIP Investment,19521.83,,-37576841.29
2025-06-06,Fuel,2379.04,,-37579220.33
2025-01-22,Amazon Purchase,8017.19,,-37587237.52
2025-03-02,Amazon Purchase,12385.27,,-37599622.79
2025-02-04,Insurance Premium,972.41,,-37600595.2
2025-01-16,Insurance Premium,13735.09,,-37614330.29
2025-05-27,Electricity Bill,17470.66,,-37631800.95
2025-05-07,Credit Card Payment,13944.78,,-37645745.73
2025-05-19,SIP Investment,4725.05,,-37650470.78
2025-04-19,Medical Expense,795.73,,-37651266.51
2025-06-22,Insurance Premium,8184.71,,-37659451.22
2025-05-20,Salary Credited,,7608.46,-37651842.76
2025-01-20,Credit Card Payment,19696.29,,-37671539.05
2025-05-18,Amazon Purchase,11258.09,,-37682797.14
2025-05-24,Medical Expense,1050.03,,-37683847.17
2025-03-27,Credit Card Payment,3916.56,,-37687763.73
2025-05-25,Flight Booking,16751.05,,-37704514.78
2025-01-13,Electricity Bill,13893.92,,-37718408.7
2025-04-07,Flight Booking,14792.99,,-37733201.69
2025-01-16,Electricity Bill,9330.43,,-37742532.12
2025-06-07,SIP Investment,9631.47,,-37752163.59
2025-02-12,Insurance Premium,6664.7,,-37758828.29
2025-04-13,Amazon Purchase,14111.17,,-37772939.46
2025-05-03,Credit Card Payment,19400.7,,-37792340.16
2025-03-05,Salary Credited,,1686.62,-37790653.54
2025-02-02,Insurance Premium,17060.37,,-37807713.91
2025-05-13,Salary Credited,,1588.25,-37806125.66
2025-06-19,UPI to Zomato,11450.9,,-37817576.56
2025-03-07,Flight Booking,11865.8,,-37829442.36
2025-03-25,Amazon Purchase,16674.35,,-37846116.71
2025-03-01,Credit Card Payment,9675.2,,-37855791.91
2025-05-19,Flight Booking,3731.45,,-37859523.36
2025-06-22,Salary Credited,,2612.24,-37856911.12
2025-05-16,SIP Investment,14469.28,,-37871380.4
2024-12-26,Flight Booking,780.74,,-37872161.14
2025-03-05,Flight Booking,3239.62,,-37875400.76
2025-03-18,Credit Card Payment,10540.11,,-37885940.87
2025-04-30,Electricity Bill,4558.84,,-37890499.71
2025-01-06,Credit Card Payment,8715.44,,-37899215.15
2025-02-01,Fuel,2458.89,,-37901674.04
2025-02-05,SIP Investment,3423.85,,-37905097.89
2025-04-29,Insurance Premium,7136.76,,-37912234.65
2025-05-19,UPI to Zomato,6025.74,,-37918260.39
2025-04-01,UPI to Zomato,16648.92,,-37934909.31
2025-02-07,Salary Credited,,7445.36,-37927463.95
2025-01-18,Medical Expense,6906.98,,-37934370.93
2025-01-24,Flight Booking,16502.28,,-37950873.21
2025-02-06,UPI to Zomato,4679.96,,-37955553.17
2025-01-23,Amazon Purchase,7978.58,,-37963531.75
2025-02-10,Flight Booking,17034.06,,-37980565.81
2025-05-04,Flight Booking,6546.96,,-37987112.77
2025-03-04,Flight Booking,18956.29,,-38006069.06
2025-06-13,UPI to Zomato,8404.46,,-38014473.52
2025-01-03,Medical Expense,13389.97,,-38027863.49
2025-04-22,SIP Investment,11056.39,,-38038919.88
2025-04-22,SIP Investment,1851.14,,-38040771.02
2025-01-07,SIP Investment,3761.78,,-38044532.8
2025-01-29,Insurance Premium,13933.13,,-38058465.93
2025-06-23,Salary Credited,,10891.15,-38047574.78
2025-06-07,Medical Expense,3795.38,,-38051370.16
2025-01-07,Flight Booking,8864.47,,-38060234.63
2025-04-06,Electricity Bill,5471.61,,-38065706.24
2025-03-02,Salary Credited,,5078.47,-38060627.77
2025-02-26,Fuel,15053.74,,-38075681.51
2025-02-09,Medical Expense,11319.91,,-38087001.42
2025-05-15,UPI to Zomato,2137.56,,-38089138.98
2025-03-03,Insurance Premium,6641.41,,-38095780.39
2025-05-07,Credit Card Payment,13913.62,,-38109694.01
2025-03-25,Amazon Purchase,13242.52,,-38122936.53
2025-01-11,Fuel,5338.63,,-38128275.16
2025-01-25,Salary Credited,,8180.87,-38120094.29
2025-04-30,Fuel,15295.65,,-38135389.94
2025-04-08,Flight Booking,10079.93,,-38145469.87
2024-12-25,Insurance Premium,5857.78,,-38151327.65
2025-02-26,Amazon Purchase,18490.89,,-38169818.54
2025-02-15,Salary Credited,,8648.91,-38161169.63
2025-03-15,Salary Credited,,12904.46,-38148265.17
2025-03-02,Fuel,14333.17,,-38162598.34
2024-12-26,Fuel,15359.93,,-38177958.27
2025-01-21,UPI to Zomato,9376.04,,-38187334.31
2025-02-04,Amazon Purchase,6180.84,,-38193515.15
2025-04-01,Medical Expense,1273.33,,-38194788.48
2025-01-27,Insurance Premium,11808.52,,-38206597.0
2025-05-12,Insurance Premium,18892.94,,-38225489.94
2025-05-14,Fuel,3630.02,,-38229119.96
2025-04-30,UPI to Zomato,16034.8,,-38245154.76
2025-01-12,Credit Card Payment,11913.99,,-38257068.75
2025-02-12,Electricity Bill,16397.94,,-38273466.69
2025-03-29,UPI to Zomato,13259.17,,-38286725.86
2025-04-06,UPI to Zomato,17748.81,,-38304474.67
2025-01-14,Medical Expense,10392.52,,-38314867.19
2025-02-28,SIP Investment,17275.65,,-38332142.84
2025-04-05,SIP Investment,9101.82,,-38341244.66
2025-06-23,Flight Booking,8082.54,,-38349327.2
2025-02-20,UPI to Zomato,5074.33,,-38354401.53
2025-01-14,UPI to Zomato,19264.31,,-38373665.84
2024-12-25,Fuel,2119.47,,-38375785.31
2025-03-31,Fuel,13625.14,,-38389410.45
2025-05-12,Flight Booking,9278.29,,-38398688.74
2025-05-31,Fuel,4335.05,,-38403023.79
2025-01-06,SIP Investment,14076.79,,-38417100.58
2025-03-25,Amazon Purchase,986.7,,-38418087.28
2025-01-22,Amazon Purchase,15276.87,,-38433364.15
2025-05-01,Fuel,2349.35,,-38435713.5
2025-02-24,Amazon Purchase,16208.73,,-38451922.23
2025-04-02,Credit Card Payment,9150.34,,-38461072.57
2025-04-04,Fuel,2351.94,,-38463424.51
2025-04-13,Credit Card Payment,2463.18,,-38465887.69
2025-02-19,Flight Booking,8033.58,,-38473921.27
2025-06-01,Medical Expense,14179.46,,-38488100.73
2025-03-08,Fuel,1364.1,,-38489464.83
2025-04-15,Amazon Purchase,14841.77,,-38504306.6
2025-05-15,Medical Expense,3196.93,,-38507503.53
2025-01-14,Electricity Bill,13884.24,,-38521387.77
2025-04-30,UPI to Zomato,6943.4,,-38528331.17
2025-04-15,Medical Expense,15688.91,,-38544020.08
2025-06-15,Amazon Purchase,7867.91,,-38551887.99
2025-01-05,Fuel,19908.34,,-38571796.33
2024-12-31,Fuel,11032.9,,-38582829.23
2025-04-29,Insurance Premium,13398.09,,-38596227.32
2025-01-01,Insurance Premium,8080.43,,-38604307.75
2025-03-17,Electricity Bill,4712.33,,-38609020.08
2025-05-10,Fuel,18811.97,,-38627832.05
2025-04-30,Amazon Purchase,10888.97,,-38638721.02
2025-03-18,Amazon Purchase,4280.15,,-38643001.17
2025-02-03,Credit Card Payment,17182.99,,-38660184.16
2025-06-05,Fuel,5301.99,,-38665486.15
2025-03-01,UPI to Zomato,5484.86,,-38670971.01
2025-01-14,Fuel,18915.69,,-38689886.7
2025-06-10,Credit Card Payment,14989.07,,-38704875.77
2025-05-04,Flight Booking,560.84,,-38705436.61
2025-05-08,Electricity Bill,11012.16,,-38716448.77
2025-04-08,Amazon Purchase,4759.49,,-38721208.26
2025-05-01,Fuel,4216.91,,-38725425.17
2025-03-06,Insurance Premium,1312.67,,-38726737.84
2025-05-15,Fuel,14425.37,,-38741163.21
2025-05-25,Flight Booking,12898.46,,-38754061.67
2025-01-29,UPI to Zomato,19867.93,,-38773929.6
2025-02-15,Insurance Premium,12693.2,,-38786622.8
2025-02-06,Medical Expense,11420.51,,-38798043.31
2025-06-25,UPI to Zomato,1565.44,,-38799608.75
2025-01-20,UPI to Zomato,19623.49,,-38819232.24
2025-05-22,Credit Card Payment,17729.49,,-38836961.73
2025-04-19,Fuel,16938.43,,-38853900.16
2025-06-13,Medical Expense,9599.99,,-38863500.15
2025-01-07,Salary Credited,,9365.65,-38854134.5
2025-01-19,Electricity Bill,8612.81,,-38862747.31
2025-02-26,Fuel,17260.79,,-38880008.1
2025-02-15,UPI to Zomato,17132.41,,-38897140.51
2025-06-16,Medical Expense,18950.6,,-38916091.11
2025-05-17,Fuel,13058.04,,-38929149.15
2025-06-04,Medical Expense,5410.79,,-38934559.94
2024-12-26,Salary Credited,,2746.73,-38931813.21
2025-06-12,Fuel,14094.9,,-38945908.11
2025-06-15,SIP Investment,17410.98,,-38963319.09
2025-06-05,Amazon Purchase,7301.07,,-38970620.16
2025-04-30,Electricity Bill,853.88,,-38971474.04
2025-01-14,Insurance Premium,10183.67,,-38981657.71
2025-04-22,Insurance Premium,17375.23,,-38999032.94
2025-04-06,Flight Booking,7477.6,,-39006510.54
2025-06-23,Fuel,1318.92,,-39007829.46
2025-01-29,Medical Expense,5388.67,,-39013218.13
2025-03-19,Insurance Premium,5961.71,,-39019179.84
2025-05-13,Electricity Bill,694.12,,-39019873.96
2025-03-16,Insurance Premium,1813.13,,-39021687.09
2025-03-01,Flight Booking,17942.26,,-39039629.35
2025-02-04,Medical Expense,9138.27,,-39048767.62
2025-03-12,Fuel,597.56,,-39049365.18
2025-04-24,Medical Expense,19470.74,,-39068835.92
2025-02-06,Electricity Bill,8881.06,,-39077716.98
2025-05-15,Credit Card Payment,14575.32,,-39092292.3
2025-06-03,UPI to Zomato,11334.3,,-39103626.6
2025-04-24,Electricity Bill,17202.31,,-39120828.91
2025-02-15,Fuel,7770.38,,-39128599.29
2025-03-18,Insurance Premium,8911.78,,-39137511.07
2025-06-23,Salary Credited,,16552.63,-39120958.44
2025-03-08,UPI to Zomato,3626.19,,-39124584.63
2025-05-15,UPI to Zomato,13050.27,,-39137634.9
2025-04-22,Medical Expense,5466.34,,-39143101.24
2025-04-12,Fuel,15879.36,,-39158980.6
2024-12-31,Medical Expense,10787.04,,-39169767.64
2025-05-04,Fuel,1070.15,,-39170837.79
2025-06-07,Salary Credited,,8683.63,-39162154.16
2025-03-20,Amazon Purchase,13538.53,,-39175692.69
2025-04-21,Electricity Bill,8085.54,,-39183778.23
2025-04-29,Amazon Purchase,11946.27,,-39195724.5
2025-02-01,UPI to Zomato,3595.06,,-39199319.56
2024-12-25,UPI to Zomato,8960.05,,-39208279.61
2025-05-22,Credit Card Payment,18467.6,,-39226747.21
2025-06-05,Amazon Purchase,16693.86,,-39243441.07
2025-01-27,Medical Expense,4192.68,,-39247633.75
2024-12-31,Amazon Purchase,8523.64,,-39256157.39
2025-02-06,Electricity Bill,7392.86,,-39263550.25
2025-05-28,Fuel,2023.15,,-39265573.4
2025-01-27,Medical Expense,16020.78,,-39281594.18
2025-04-23,Electricity Bill,12069.86,,-39293664.04
2025-05-31,SIP Investment,13920.68,,-39307584.72
2025-02-12,SIP Investment,16934.45,,-39324519.17
2025-03-08,Insurance Premium,3904.31,,-39328423.48
2025-03-25,Electricity Bill,13912.75,,-39342336.23
2025-02-16,SIP Investment,12648.24,,-39354984.47
2025-03-18,Medical Expense,6868.84,,-39361853.31
2025-05-03,Insurance Premium,6955.12,,-39368808.43
2025-01-15,Fuel,2909.44,,-39371717.87
2025-02-14,Electricity Bill,6690.19,,-39378408.06
2025-03-17,Medical Expense,894.26,,-39379302.32
2025-01-22,Insurance Premium,8259.87,,-39387562.19
2025-03-18,Insurance Premium,2212.95,,-39389775.14
2025-05-04,Insurance Premium,8391.7,,-39398166.84
2025-02-15,Salary Credited,,4150.56,-39394016.28
2025-02-12,Medical Expense,5853.94,,-39399870.22
2025-02-14,UPI to Zomato,11212.55,,-39411082.77
2024-12-28,Electricity Bill,14142.76,,-39425225.53
2025-06-02,SIP Investment,19981.03,,-39445206.56
2025-04-20,Salary Credited,,7207.18,-39437999.38
2025-01-02,Salary Credited,,678.27,-39437321.11
2025-04-27,Credit Card Payment,12961.31,,-39450282.42
2024-12-31,Salary Credited,,1903.67,-39448378.75
2025-05-11,Credit Card Payment,10063.4,,-39458442.15
2025-02-15,SIP Investment,14359.49,,-39472801.64
2025-05-08,Electricity Bill,1650.34,,-39474451.98
2025-05-05,Medical Expense,15857.6,,-39490309.58
2025-04-04,Flight Booking,1793.57,,-39492103.15
2025-05-02,Credit Card Payment,16292.08,,-39508395.23
2025-05-10,Electricity Bill,15528.67,,-39523923.9
2025-03-29,Flight Booking,14186.63,,-39538110.53
2025-02-16,SIP Investment,7151.8,,-39545262.33
2025-05-15,Amazon Purchase,9864.58,,-39555126.91
2025-01-16,Credit Card Payment,6664.54,,-39561791.45
2025-02-14,Amazon Purchase,16316.05,,-39578107.5
2025-01-15,Amazon Purchase,12655.66,,-39590763.16
2025-06-07,UPI to Zomato,603.09,,-39591366.25
2025-05-03,Salary Credited,,5049.51,-39586316.74
2025-05-18,Amazon Purchase,3302.32,,-39589619.06
2025-02-20,SIP Investment,5597.76,,-39595216.82
2025-01-01,Amazon Purchase,3820.17,,-39599036.99
2025-05-28,Insurance Premium,12558.07,,-39611595.06
2024-12-25,SIP Investment,5648.39,,-39617243.45
2025-03-30,SIP Investment,2211.66,,-39619455.11
2025-01-15,Flight Booking,13631.82,,-39633086.93
2025-05-25,Insurance Premium,16932.54,,-39650019.47
2025-05-27,Salary Credited,,3912.32,-39646107.15
2025-04-21,Insurance Premium,10075.9,,-39656183.05
2025-01-30,Salary Credited,,3175.61,-39653007.44
2025-02-22,Amazon Purchase,10654.42,,-39663661.86
2025-05-11,Electricity Bill,15999.34,,-39679661.2
2025-05-13,Medical Expense,6940.27,,-39686601.47
2025-06-17,Salary Credited,,13352.13,-39673249.34
2025-04-19,Insurance Premium,8515.27,,-39681764.61
2025-06-07,Fuel,17232.99,,-39698997.6
2025-04-15,Credit Card Payment,13444.78,,-39712442.38
2025-06-23,Fuel,17715.19,,-39730157.57
2025-03-24,Amazon Purchase,18455.2,,-39748612.77
2025-03-29,Medical Expense,3948.52,,-39752561.29
2024-12-31,Flight Booking,1800.3,,-39754361.59
2025-04-16,Electricity Bill,15995.12,,-39770356.71
2025-05-25,Credit Card Payment,19402.89,,-39789759.6
2025-04-09,Salary Credited,,4126.28,-39785633.32
2025-01-09,Insurance Premium,13652.01,,-39799285.33
2025-05-24,Fuel,16136.47,,-39815421.8
2025-04-07,Medical Expense,15764.4,,-39831186.2
2025-02-21,Electricity Bill,8020.44,,-39839206.64
2025-02-04,Medical Expense,13400.57,,-39852607.21
2025-04-17,SIP Investment,14099.64,,-39866706.85
2025-02-10,Medical Expense,12776.39,,-39879483.24
2025-03-05,Fuel,18460.83,,-39897944.07
2025-04-04,Credit Card Payment,10121.56,,-39908065.63
2025-06-01,Insurance Premium,17798.43,,-39925864.06
2025-01-02,Flight Booking,15725.92,,-39941589.98
2025-05-01,Medical Expense,3991.77,,-39945581.75
2025-01-08,Flight Booking,11529.44,,-39957111.19
2025-02-04,Insurance Premium,7012.46,,-39964123.65
2025-03-27,Salary Credited,,15511.26,-39948612.39
2025-02-19,Credit Card Payment,11323.58,,-39959935.97
2025-06-21,UPI to Zomato,6757.78,,-39966693.75
2025-01-15,Fuel,2514.42,,-39969208.17
2025-05-11,Medical Expense,5840.86,,-39975049.03
2025-05-24,Credit Card Payment,6695.11,,-39981744.14
2025-06-13,Salary Credited,,2144.66,-39979599.48
2025-01-15,Fuel,2569.36,,-39982168.84
2025-05-21,Electricity Bill,12282.91,,-39994451.75
2025-04-10,Amazon Purchase,11010.44,,-40005462.19
2025-01-26,Credit Card Payment,6715.74,,-40012177.93
2025-05-14,UPI to Zomato,11938.3,,-40024116.23
2025-04-03,Salary Credited,,5403.35,-40018712.88
2025-05-13,Medical Expense,7767.25,,-40026480.13
2025-04-01,Flight Booking,9530.73,,-40036010.86
2025-04-29,Credit Card Payment,9832.09,,-40045842.95
2025-05-04,Insurance Premium,5020.68,,-40050863.63
2025-01-18,Credit Card Payment,11632.15,,-40062495.78
2025-01-13,UPI to Zomato,4974.16,,-40067469.94
2025-05-17,Credit Card Payment,4166.32,,-40071636.26
2025-05-22,Amazon Purchase,19509.28,,-40091145.54
2025-04-01,UPI to Zomato,11956.64,,-40103102.18
2025-04-16,Medical Expense,7984.61,,-40111086.79
2025-04-15,Fuel,7803.65,,-40118890.44
2025-03-15,Salary Credited,,6236.69,-40112653.75
2025-04-11,Electricity Bill,17414.24,,-40130067.99
2025-03-02,Fuel,3406.97,,-40133474.96
2025-03-21,Credit Card Payment,8614.65,,-40142089.61
2025-05-07,Flight Booking,4464.17,,-40146553.78
2025-03-14,SIP Investment,15095.64,,-40161649.42
2025-04-05,Insurance Premium,7780.46,,-40169429.88
2025-05-22,Electricity Bill,14105.16,,-40183535.04
2025-04-04,Medical Expense,16068.06,,-40199603.1
2025-05-19,UPI to Zomato,13038.53,,-40212641.63
2025-06-04,UPI to Zomato,2640.73,,-40215282.36
2025-06-17,Salary Credited,,14735.67,-40200546.69
2025-03-20,SIP Investment,3215.03,,-40203761.72
2025-02-18,Insurance Premium,5090.54,,-40208852.26
2025-01-16,Flight Booking,6248.03,,-40215100.29
2025-05-05,Salary Credited,,2712.39,-40212387.9
2025-03-19,Credit Card Payment,19563.03,,-40231950.93
2025-02-03,Medical Expense,1950.14,,-40233901.07
2025-01-17,Salary Credited,,19804.63,-40214096.44
2025-02-10,Salary Credited,,17517.81,-40196578.63
2025-03-25,UPI to Zomato,11159.79,,-40207738.42
2025-06-23,SIP Investment,11160.02,,-40218898.44
2025-03-13,Flight Booking,3709.73,,-40222608.17
2025-02-04,Salary Credited,,13678.67,-40208929.5
2025-05-19,Insurance Premium,16383.88,,-40225313.38
2025-04-13,Credit Card Payment,7268.12,,-40232581.5
2025-06-12,Medical Expense,13708.5,,-40246290.0
2025-03-11,Medical Expense,1600.93,,-40247890.93
2025-02-09,Credit Card Payment,15570.2,,-40263461.13
2025-01-13,Insurance Premium,18354.96,,-40281816.09
2025-03-27,Amazon Purchase,812.02,,-40282628.11
2025-04-01,Flight Booking,16263.99,,-40298892.1
2025-04-16,Salary Credited,,14584.68,-40284307.42
2025-03-14,Amazon Purchase,18369.25,,-40302676.67
2025-02-14,UPI to Zomato,11377.46,,-40314054.13
2025-01-16,Credit Card Payment,6078.87,,-40320133.0
2025-02-15,Electricity Bill,2636.7,,-40322769.7
2025-06-06,Medical Expense,8741.2,,-40331510.9
2025-05-29,Credit Card Payment,6217.57,,-40337728.47
2025-04-06,Fuel,2468.95,,-40340197.42
2025-02-07,Flight Booking,16419.59,,-40356617.01
2025-03-28,Flight Booking,8446.69,,-40365063.7
2025-02-26,Medical Expense,7382.29,,-40372445.99
2025-04-30,Electricity Bill,19365.07,,-40391811.06
2025-06-07,Amazon Purchase,10473.18,,-40402284.24
2025-05-12,Insurance Premium,13159.0,,-40415443.24
2025-06-22,UPI to Zomato,15006.67,,-40430449.91
2025-04-07,Insurance Premium,16262.12,,-40446712.03
2025-01-18,Amazon Purchase,15493.01,,-40462205.04
2025-05-09,Credit Card Payment,18290.16,,-40480495.2
2025-01-16,Medical Expense,9887.26,,-40490382.46
2025-02-22,Credit Card Payment,7167.07,,-40497549.53
2025-05-14,Salary Credited,,13282.87,-40484266.66
2025-04-27,Fuel,17228.3,,-40501494.96
2025-03-12,UPI to Zomato,3005.05,,-40504500.01
2025-03-29,Electricity Bill,18128.67,,-40522628.68
2025-03-23,SIP Investment,3089.64,,-40525718.32
2025-05-23,Fuel,15408.25,,-40541126.57
2025-02-16,UPI to Zomato,16765.86,,-40557892.43
2025-04-20,Electricity Bill,5555.48,,-40563447.91
2025-03-31,Credit Card Payment,5577.22,,-40569025.13
2025-03-22,Insurance Premium,7850.8,,-40576875.93
2025-06-01,Medical Expense,1725.35,,-40578601.28
2025-05-15,Credit Card Payment,15267.53,,-40593868.81
2025-06-21,Amazon Purchase,11877.52,,-40605746.33
2025-02-03,Fuel,18683.88,,-40624430.21
2025-04-17,Salary Credited,,9088.35,-40615341.86
2025-04-21,Amazon Purchase,10597.37,,-40625939.23
2025-02-12,Fuel,7854.75,,-40633793.98
2025-06-15,Fuel,18313.0,,-40652106.98
2025-06-15,Medical Expense,11307.5,,-40663414.48
2025-04-10,Credit Card Payment,19446.54,,-40682861.02
2025-04-03,Credit Card Payment,1400.42,,-40684261.44
2025-04-23,Electricity Bill,12131.4,,-40696392.84
2025-06-09,Amazon Purchase,10115.89,,-40706508.73
